4756 6994
318 535 495 595 uncino
555 543 610 606 tm

533 677 570 738 ab
601 679 749 751 bomine,
780 682 890 756 quavis
920 684 1082 746 occasione
1111 684 1162 747 vel
1186 699 1277 745 causa

533 771 614 840 latis,
640 772 666 832 si
692 773 808 848 quibus
838 777 1081 850 quomodolibet
1110 777 1278 838 innodatus

533 864 650 936 existit,
667 866 702 926 ad
716 867 863 928 ellectum
884 871 1098 944 praesentium
1115 871 1280 930 dumtaxat

533 960 809 1034 consequendum,
835 960 947 1022 barum
969 963 1055 1024 serie
1075 963 1279 1026 absolventes

534 1051 761 1113 etabsolutum
786 1052 854 1114 lore
874 1061 1054 1128 censentes,
1078 1055 1279 1134 supplicatio·

535 1145 627 1205 nibus
656 1145 724 1206 eius
747 1146 878 1207 nomine
908 1149 998 1210 nobis
1020 1165 1118 1226 super
1141 1150 1199 1210 boc
1224 1149 1279 1210 liu-

537 1237 655 1298 militer
684 1240 838 1314 porrectis
866 1241 1018 1315 inclinati,
1049 1244 1177 1304 decreta
1193 1258 1280 1319 prae-

535 1332 674 1402 inserta,
712 1335 899 1396 aruotoritate
934 1337 1125 1413 apostolica,
1169 1343 1280 1397 tenore

537 1425 765 1501 praesentium,
802 1428 1013 1506 approbamus
1050 1438 1082 1491 et
1113 1431 1280 1490 coufirma-

537 1534 618 1588 mus,
643 1519 772 1595 illisque
795 1521 986 1584 inviolabilis
1016 1523 1206 1602 apostolicae
1229 1525 1280 1584 lir-

537 1611 654 1671 mitatis
670 1613 769 1696 robur
784 1615 961 1686 adrioimus,
978 1617 1062 1678 salva
1080 1624 1185 1678 tamen
1198 1632 1281 1677 sem·

536 1719 593 1780 per
616 1705 647 1765 in
672 1707 852 1783 praemissis
876 1709 1063 1778 auctoritate
1087 1715 1281 1770 memoratae

535 1798 802 1875 congregauonis
813 1801 1039 1862 Cardinalium.
1055 1801 1280 1874 Oecernentes,

537 1893 664 1952 easdem
689 1903 871 1970 praesentes
894 1895 1002 1958 literas
1019 1911 1147 1973 semper
1163 1897 1280 1968 firmas,

538 1986 654 2046 validas
677 1995 708 2047 et
730 1987 870 2050 efficaces
893 1990 1032 2050 existere
1048 1997 1080 2052 et
1096 1989 1176 2062 lore,
1194 2006 1282 2053 suos-

537 2097 600 2156 que
624 2079 783 2157 plenarios
799 2091 830 2144 et
851 2083 996 2160 integros
1019 2084 1152 2146 allectus
1174 2087 1282 2147 sortiri

537 2181 570 2233 et
592 2173 750 2244 obtinere,
781 2192 814 2236 ac
843 2175 916 2247 illis,
939 2177 975 2238 ad
1007 2193 1087 2254 quos
1110 2187 1230 2256 spectat
1252 2187 1284 2241 et

539 2281 595 2344 pro
620 2275 765 2344 tempore
786 2269 949 2346 spectabit,
968 2271 1154 2347 plenissime
1173 2273 1282 2334 suflra-

539 2360 616 2435 gari,
633 2359 741 2436 sicque
754 2362 785 2420 in
799 2363 980 2438 praemissis
996 2379 1050 2440 per
1062 2379 1284 2442 quoscumque

538 2453 658 2514 iudices
695 2455 873 2516 ordinarios
909 2465 940 2519 et
976 2457 1151 2534 delegatos,
1188 2459 1283 2520 etiam

538 2561 702 2608 causarum
727 2547 829 2625 palatii
852 2549 1016 2628 apostolici
1039 2553 1213 2623 auditores,
1239 2555 1284 2615 iu·

539 2639 635 2700 dicari
665 2651 697 2702 et
726 2642 852 2702 deliniri
882 2645 1010 2717 debere,
1045 2662 1079 2706 ac
1101 2646 1229 2708 irritum
1253 2658 1285 2712 et

539 2733 643 2804 inane,
678 2734 704 2793 si
735 2750 827 2796 secus
861 2753 958 2814 super
988 2739 1035 2798 bis
1068 2757 1083 2800 a
1110 2755 1283 2817 quoquam,

539 2827 650 2902 quavis
672 2827 871 2900 auctoritate,
900 2831 1039 2894 scienter
1062 2833 1113 2894 vel
1136 2834 1286 2910 ignoran-

542 2927 600 2990 ter,
625 2922 798 2996 contigerit
820 2925 980 2986 attentari.
999 2924 1069 2988 Non
1087 2929 1286 2992 obstantibus

540 3012 823 3076 constitutionibus
856 3033 890 3078 ac
926 3019 1179 3083 ordinationibus
1215 3039 1286 3100 apo-

539 3106 668 3178 stolicis,
693 3125 737 3179 ao,
768 3119 925 3185 quatenus
955 3129 1033 3190 opus
1055 3115 1106 3186 sit,
1131 3112 1285 3176 Ordinum

543 3199 738 3273 buiusmodi,
769 3204 865 3264 etiam
895 3206 1088 3278 iuramento,
1119 3209 1287 3270 confirma-

543 3294 629 3354 tione
657 3296 827 3372 apostolica
850 3297 900 3358 rel
924 3299 1033 3374 quavis
1058 3301 1207 3364 firmitate
1229 3303 1289 3364 alia

542 3387 710 3458 roboratis,
727 3390 852 3452 statutis
868 3399 900 3453 et
914 3394 1210 3467 consuetudinibus,
1225 3397 1287 3474 pri·

541 3479 668 3556 vilegiis
698 3496 839 3558 quoque,
869 3485 1000 3548 indultis
1031 3497 1063 3549 et
1092 3487 1193 3550 literis
1215 3507 1287 3568 apo-

542 3575 662 3635 stolicis
678 3575 709 3636 in
725 3577 921 3638 contrarium
945 3579 1194 3655 praemissorum
1211 3597 1288 3660 quo-

543 3667 718 3729 modolibet
742 3671 910 3740 concessis,
934 3673 1130 3734 confirmatis
1153 3685 1184 3737 et
1199 3676 1289 3738 inno-

543 3762 634 3835 vatis3
651 3763 767 3838 quibus
783 3764 933 3826 omnibus
949 3773 980 3826 et
992 3767 1140 3843 singulis,
1158 3767 1288 3830 illorum

544 3863 673 3916 tenores
702 3858 925 3934 praesentibus
957 3874 1012 3935 pro
1036 3861 1129 3936 plene
1152 3871 1182 3924 et
1205 3863 1290 3924 sutil-

543 3951 666 4013 cienter
695 3953 855 4029 expressis
878 3954 970 4014 acad
1000 3953 1137 4016 verbum
1160 3949 1291 4019 insertis'

545 4045 709 4117 babentes,
741 4046 803 4107 illis
835 4046 909 4107 alias
938 4047 971 4108 in
1000 4063 1058 4108 suo
1081 4049 1198 4110 robore
1221 4066 1291 4128 per·

544 4141 714 4212 mansuris,
733 4143 768 4203 ad
787 4143 1038 4219 praemissorum
1055 4144 1217 4216 ellectum,
1237 4144 1292 4206 bac

544 4235 613 4297 rice
646 4235 828 4306 dumtaxat,
863 4237 1044 4314 specialiter
1077 4245 1109 4300 et
1140 4253 1292 4316 expresse

544 4329 753 4404 derogamus;
778 4330 959 4405 ceterisque
981 4331 1148 4392 contrariis
1164 4332 1293 4408 quibus-

544 4438 694 4500 cumque.

584 4517 697 4578 Datum
728 4517 856 4588 Romae,
890 4519 972 4596 apud
1003 4517 1034 4580 S.
1068 4520 1210 4590 Petrum,
1234 4519 1294 4580 sub

544 4611 664 4674 annulo
686 4611 809 4682 Piscat,
833 4612 884 4674 die
908 4628 995 4674 xxix.
1021 4615 1125 4674 martii
1148 4629 1292 4684 unacum,

548 4707 746 4784 pontificatus
769 4707 869 4767 nostri
892 4723 976 4768 anno
998 4722 1041 4766 rr.

323 4889 527 4988 ‚tufss‘t'i'iss't's'ss'ssfssffff
585 4896 605 4968 ξ
635 4895 664 4956 3.
695 4895 820 4970 ltaque,
855 4894 947 4956 basce
981 4893 1088 4974 literas
1120 4894 1295 4958 Clementis

314 4957 603 5074 liitrrtjoursetl'l‘.
639 4988 688 5050 lll.
725 4989 912 5050 auctoritate
944 4996 1050 5050 nostra
1086 4989 1204 5051 iterum
1239 5005 1296 5050 nos

314 5057 409 5148 ἶῗῗ”““
430 5051 528 5105 ''md''
547 5083 788 5154 conllrmantes,
822 5084 990 5144 statuimus
1022 5091 1055 5144 et
1086 5081 1294 5154 declaramus,

549 5177 695 5238 ministro
719 5177 862 5253 generali
890 5176 1015 5238 Ordinis
1039 5175 1173 5238 lratrum
1198 5174 1296 5236 llino-

548 5287 620 5333 rum
649 5272 732 5333 beati
762 5271 932 5342 Francisci,
965 5271 1018 5348 qui
1048 5269 1216 5348 Capuccini
1246 5287 1296 5347 ap·

549 5365 720 5444 pellantur,
744 5372 776 5427 et
797 5366 993 5427 secundariis
1015 5363 1237 5442 superioribus
1259 5363 1296 5425 ab

548 5462 662 5522 eodem
686 5461 833 5522 ministro
857 5458 998 5536 generali
1026 5457 1294 5536 dependentibus,

550 5565 709 5633 tanlquam
743 5555 827 5616 veris
861 5562 893 5616 et
926 5553 1078 5630 legitimis
1113 5552 1185 5614 liliis
1215 5551 1297 5612 beati

549 5650 725 5719 l'rancisci,
764 5649 939 5709 convenire
976 5655 1008 5708 et
1042 5653 1228 5723 competere
1264 5644 1296 5705 in

549 5759 753 5820 quocumque
783 5741 868 5812 loco,
899 5741 1042 5811 civitate,
1077 5739 1237 5818 provincia
1266 5745 1298 5799 et

549 5853 662 5913 regno,
693 5837 787 5897 etiam
817 5835 872 5896 ubi
900 5835 951 5895 alii
979 5833 1123 5896 Tertiarii
1152 5832 1294 5893 eiusdem

550 5931 631 5992 beati
660 5930 815 5992 l'rancisci
845 5929 904 5990 iam
935 5935 1021 5998 sunt,
1046 5928 1184 6002 erigere,
1208 5925 1296 5986 insti-

1052 567 1116 612 lUR.
1142 567 1232 612 PONT.
1257 567 1297 610 bu
1319 567 1348 610 P.
1373 566 1401 609 l'.
1426 565 1509 610 PARS
1530 566 1552 610 l.

2120 545 2170 600 An.
2183 546 2211 602 d.
2227 543 2300 600 tlte

1336 690 1426 744 tuere
1449 689 1480 744 et
1502 681 1636 744 lonclare
1660 681 1804 744 Tertium
1826 679 1979 744 Ordinem
2000 679 2082 740 beati

1336 776 1491 838 Francisci
1513 792 1570 854 pro
1590 775 1848 854 quibuscumque
1865 775 1923 853 piis
1939 780 1971 836 et
1986 775 2082 835 devo·

1335 868 1374 929 tis
1390 869 1536 946 personis
1551 867 1767 930 saecularibus
1788 867 1957 943 utriusque
1972 879 2080 936 sexus,

1335 969 1429 1037 atque
1464 961 1644 1022 buiusmodi
1679 960 1778 1022 Tertii
1806 958 1932 1022 Ordinis
1963 958 2082 1036 proles-

1335 1054 1461 1116 soribus
1485 1055 1566 1117 beati
1588 1055 1744 1116 l'rancisei
1766 1053 1930 1131 scapulare
1945 1053 2014 1114 sive
2031 1054 2083 1113 ba-

1337 1147 1436 1210 bitum
1468 1165 1538 1209 curn
1572 1148 1703 1224 cingulo
1731 1145 1891 1218 conterre,
1924 1147 1956 1208 in
1986 1147 2083 1208 rebus

1335 1241 1553 1318 spiritualibus
1571 1257 1625 1303 eos
1641 1241 1794 1318 dirigere,
1813 1240 1845 1302 in
1862 1240 1955 1301 tertia
1972 1241 2083 1316 regula

1337 1335 1419 1396 beati
1450 1333 1607 1396 Francisci
1639 1334 1837 1396 observanda
1871 1335 2020 1411 privatim
2052 1343 2085 1396 et

1337 1429 1463 1506 publice
1492 1428 1607 1490 docere
1637 1437 1669 1490 et
1697 1428 1872 1496 instruere,
1903 1434 1939 1489 ut
1962 1429 2084 1505 pietatis

1337 1530 1369 1584 et
1383 1523 1542 1584 virtutum
1559 1521 1623 1583 lleo
1646 1529 1751 1598 gratos
1767 1529 1799 1583 et
1814 1522 1932 1584 uberes
1947 1522 2082 1594 tructus,

1339 1615 1548 1677 benedicente
1578 1615 1724 1687 Domino,
1755 1615 1913 1678 emittant.
1938 1616 1983 1678 dd
2008 1617 2085 1680 baec

1338 1708 1488 1770 volumus
1518 1717 1550 1769 et
1577 1709 1785 1780 declaramus,
1811 1711 1989 1788 praedictos
2010 1709 2085 1770 Ter-

1339 1802 1445 1862 tiarios
1473 1818 1531 1864 seu
1553 1802 1651 1864 Tertii
1673 1800 1797 1865 Ordinis
1821 1803 1902 1866 beati
1929 1803 2085 1866 Francisci

1339 1895 1548 1973 prolessores,
1571 1896 1631 1957 sub
1655 1897 1802 1958 ministro
1819 1897 1974 1974 'generali
1997 1896 2085 1959 Ordi-

1339 1990 1387 2051 nis
1401 1990 1535 2050 lratrum
1551 1990 1708 2052 llinorum
1725 1989 1990 2067 capuccinorum,
2005 1991 2086 2052 eius-

1338 2099 1401 2160 que
1413 2084 1609 2145 secundariis
1622 2083 1854 2160 superioribus,
1868 2084 2000 2146 omnino
2013 2101 2086 2160 gau-

1339 2178 1416 2239 dere
1438 2185 1532 2253 atque
1556 2177 1601 2238 uti
1622 2193 1713 2253 posse
1738 2183 1769 2238 et
1797 2177 1917 2238 debere
1939 2178 2087 2238 omnibus

1340 2271 1516 2347 etsingulis
1529 2271 1717 2348 privilegiis,
1731 2269 1951 2346 indulgentiis,
1967 2271 2085 2347 gratiis,

1340 2364 1502 2426 favoribus
1525 2371 1557 2424 et
1579 2363 1809 2441 praerogativis
1832 2378 1888 2440 per
1911 2363 1990 2425 banc
2013 2363 2088 2426 San·

1340 2467 1421 2522 etam
1451 2457 1665 2536 Apostolicam
1696 2456 1811 2518 Sedem
1838 2455 1948 2520 Ordini
1970 2458 2088 2520 l'ertia-

1341 2552 1464 2614 riorum
1494 2565 1737 2628 equorumque
1770 2552 1916 2613 ministro
1946 2552 2087 2628 generali

1342 2645 1594 2722 dependentium
1623 2643 1682 2706 sub
1711 2645 1903 2723 suocapite,
1928 2645 1983 2722 qui
2005 2661 2089 2706 unus

1342 2745 1391 2800 est
1423 2739 1534 2800 beatus
1568 2739 1764 2808 Franciscus,
1801 2738 1876 2799 alias
1907 2739 2088 2814 concessise

1343 2832 1487 2894 volentes
1522 2842 1691 2910 propterea
1720 2839 1756 2893 ut
1783 2831 1923 2893 vicissim
1954 2831 2090 2908 quilibet

1343 2925 1491 2987 Tertiarii
1512 2925 1657 2986 eiusdem
1679 2922 1806 2987 Ordinis
1829 2925 1988 2986 lilinorum
2008 2925 2089 2986 beati

1343 3018 1513 3088 Francisci,
1547 3017 1727 3094 praemissis
1759 3018 1868 3095 gratiis
1901 3018 2088 3093 gaudentes,

1343 3113 1379 3174 ad
1409 3127 1463 3172 eos
1494 3113 1629 3172 transire
1658 3111 1743 3172 licite
1772 3120 1804 3172 et
1826 3111 1929 3173 valide
1956 3113 2089 3188 possint,

1344 3222 1482 3283 quorum
1504 3213 1622 3266 statum
1643 3205 1736 3266 saluti
1758 3205 1881 3266 animae
1904 3221 1979 3266 suae
1994 3205 2078 3282 aptio

1344 3315 1414 3362 rem
1437 3309 1469 3362 et
1490 3300 1655 3362 utiliorem
1675 3299 1706 3359 in
1723 3297 1857 3360 Domino
1880 3314 1950 3360 esse
1973 3313 2090 3375 cogno-

1344 3395 1461 3456 verint.

1384 3489 1402 3562 ἓ
1424 3487 1453 3548 l.
1478 3487 1637 3548 Praedicta
1660 3501 1739 3548 uero
1757 3486 1908 3548 universa
1922 3485 1965 3547 ita
1981 3493 2013 3547 et
2028 3503 2092 3548 non
2129 3506 2329 3567 comumnes„-

1344 3582 1437 3644 aliter
1459 3581 1602 3652 iudicari,
1626 3587 1658 3642 et
1678 3580 1767 3640 firma
1790 3586 1884 3656 atque
1907 3563 2332 3671 inconcussa},¹,¹.{„1³{{{,2¹³,¹{¹,¹1⁸.

1345 3676 1381 3736 ad
1412 3674 1561 3736 omnibus
1592 3673 1699 3733 baberi
1728 3673 1909 3734 statuimus.
1941 3673 2010 3734 Non
2039 3675 2092 3736 ob·
2112 3665 2335 3766 {llipgssfflssgggig

1345 3768 1502 3830 stantibus
1538 3766 1793 3828 ordinationibus
1828 3773 1860 3827 et
1894 3753 2241 3830 constiruuo-conbessa-
2323 3749 2328 3760 “

1347 3862 1440 3923 nibus
1470 3861 1650 3939 apostolicis
1679 3861 1814 3936 aliisque
1836 3861 2004 3921 contrariis
2026 3861 2094 3937 qui-

1348 3956 1566 4031 buscuruque3
1594 3953 1722 4032 quibus,
1750 3961 1908 4030 quatenus
1934 3969 2013 4031 opus
2035 3961 2093 4026 est,

1348 4049 1552 4124 derogamus,
1584 4063 1701 4124 easque
1727 4047 1940 4118 annullamus,
1973 4063 2096 4124 proque

1349 4144 1530 4212 annullatis.
1563 4143 1724 4219 derogatis
1746 4151 1779 4204 et
1799 4141 1896 4204 nullis
1929 4141 1985 4202 bac
2008 4143 2039 4204 in
2062 4158 2097 4203 re

1350 4239 1460 4300 baberi
1483 4237 1651 4310 volumus3
1676 4251 1811 4314 poenam
1843 4236 2096 4297 excommunica-

1352 4333 1445 4394 tionis
1479 4331 1547 4409 ipso
1580 4331 1660 4392 lacto
1696 4330 1923 4392 incurrendam
1959 4329 2098 4406 aliasque

1350 4441 1500 4487 censuras
1525 4439 1581 4502 pro
1604 4431 1714 4484 nostro
1740 4423 1872 4484 arbitrio
1894 4423 1931 4482 iis
1954 4422 2099 4484 intermi-

1351 4527 1473 4590 nantes,
1498 4519 1554 4595 qui
1575 4517 1735 4578 contraire
1758 4516 1810 4578 vel
1834 4517 2005 4578 temerario
2021 4532 2098 4578 ausu

1351 4630 1387 4674 ea
1416 4613 1607 4690 impugnare
1629 4614 1915 4688 praesumpserint,
1940 4625 2021 4686 quae
2044 4609 2100 4669 bac

1354 4715 1461 4770 nostra
1482 4706 1651 4784 apostolica
1681 4705 1910 4767 constitutione
1934 4703 2100 4766 firmamus

1352 4808 1446 4878 atque
1470 4801 1693 4873 decernimus;
1718 4799 1757 4860 ob
1774 4798 1864 4860 cuius
1881 4798 2007 4876 plenam
2032 4812 2101 4874 per·

1353 4893 1534 4970 lectamque
1556 4893 1804 4962 observantiam,
1836 4891 2023 4953 arrctoritate
2046 4905 2101 4952 no-

1352 4998 1416 5049 stra
1439 4987 1651 5066 praecipimus
1673 4985 1912 5048 venerabilibus
1935 4985 2098 5054 iratribus,

1353 5081 1554 5152 Patriarcbis‚
1588 5079 1854 5156 drcbiepiscopis,
1884 5079 2046 5156 Episcopis
2069 5085 2102 5139 et

1354 5175 1544 5237 eorumdem
1573 5173 1699 5234 vicariis
1729 5180 1760 5234 et
1790 5173 1955 5242 ministris,
1989 5180 2023 5234 ut
2045 5187 2102 5249 pro

1356 5271 1467 5330 barum
1491 5267 1681 5330 executione
1701 5267 1828 5338 tuenda,
1845 5267 2031 5328 auctoritate
2047 5282 2102 5327 sna

1355 5363 1500 5440 vigilent,
1531 5363 1677 5422 invocato
1706 5361 1812 5432 etiam,
1836 5361 1862 5422 si
1892 5377 1970 5438 opus
1993 5359 2100 5430 luerit,

1354 5458 1391 5519 ad
1415 5457 1474 5518 boc
1495 5454 1614 5516 auxilio
1637 5454 1757 5516 bracbii
1779 5453 1959 5516 saecularis.

1394 5553 1412 5625 §
1440 5550 1470 5610 5.
1502 5549 1660 5610 Volumus
1689 5556 1796 5610 autem
1828 5555 1862 5610 ut
1885 5547 2102 5625 praesentium
2133 5569 2356 5630 nidesbatnguua

1355 5645 1523 5705 literarum
1566 5642 1792 5720 transumptis,
1833 5657 1890 5701 seu
1924 5625 2322 5717 exemplis,l¹t¹¹¹³¹¹¹¹¹¹t¹¹e

1356 5738 1450 5800 etiam
1472 5738 1647 5815 impressis,
1672 5751 1767 5797 manu
1789 5734 1922 5798 alicuius
1945 5749 1984 5796 ex
2000 5749 2103 5805 secre-v

1356 5832 1442 5896 tariis
1465 5831 1604 5892 ministri
1627 5829 1679 5891 vel
1707 5829 1921 5907 procuratoris
1945 5827 2104 5904 generalis

1357 5927 1431 5988 dicti
1454 5924 1580 5988 Ordinis
1603 5925 1738 5986 fratrum
1761 5922 2013 5999 capuccinorum
2037 5923 2105 5982 sive
