4814 6998
537 561 597 625 292

519 694 618 756 millia
630 693 840 764 llorenorum,
850 699 883 754 et
892 691 1136 770 hichiepiscopo
1149 689 1267 753 irihur-

519 788 621 865 gensi,
640 795 787 864 tanquam
804 786 1062 864 metropolitano,
1075 793 1205 847 centum
1221 801 1268 846 sc·

519 882 681 960 ptuaginta
704 880 816 942 lloreni
839 881 1002 942 annuatim
1030 879 1266 957 persolvantur.

518 975 652 1052 Insuper
674 990 731 1052 pro
755 973 947 1036 habitatione
971 973 1127 1051 Episcopi,
1145 986 1268 1050 proque

518 1067 604 1129 curia
636 1066 822 1146 episcopali,
855 1067 1024 1134 statuimus
1050 1066 1183 1128 domum
1210 1065 1265 1127 Ga-

520 1161 654 1223 thedrali
677 1160 836 1222 Ecclesiae
858 1162 1036 1238 proximam
1060 1161 1097 1222 ad
1122 1167 1264 1222 montem

519 1253 550 1317 S.
570 1254 731 1317 Michaelis
741 1269 814 1316 cum
826 1255 952 1316 duobus
965 1253 1181 1316 adiacentibus
1195 1254 1269 1314 hor·

520 1350 557 1412 tis
580 1353 612 1412 et
640 1349 843 1426 pertinentiis
874 1349 956 1422 suis3
991 1363 1048 1425 pro
1075 1347 1268 1410 habitatione

518 1442 644 1514 decani,
668 1448 805 1518 quatuor
826 1443 1053 1504 canonicorum
1077 1449 1110 1505 et
1130 1453 1268 1518 quatuor

520 1535 808 1614 praebendatorum
824 1534 898 1596 alias
914 1535 1025 1596 domos
1041 1537 1074 1598 in
1091 1541 1268 1598 memorato

519 1630 736 1693 instrumento
749 1630 937 1707 descriptas;
953 1647 987 1691 ac
1000 1630 1139 1707 denique
1152 1645 1209 1707 pro
1221 1645 1269 1690 se-

521 1723 666 1795 minario,
690 1723 867 1784 aedilicium
891 1725 1074 1800 proximum
1097 1723 1269 1785 cathedrali

521 1817 688 1889 Ecclesiae,
706 1819 768 1878 iam
790 1818 827 1879 ad
851 1817 935 1880 hunc
951 1834 1044 1879 usum
1061 1817 1266 1888 destinatum,

519 1927 592 1973 cum
616 1911 710 1972 horto
732 1911 905 1994 adiacente.

557 2006 576 2080 ἓ
599 2003 646 2066 ld.
660 2004 948 2082 hohenburgensis
963 2005 1095 2066 ecclesia
1108 2005 1268 2084 episcopa-

520 2097 557 2160 lis
580 2099 730 2174 gaudebit
753 2099 929 2161 redditibus
949 2099 1134 2176 singulatim
1152 2100 1268 2161 descri-

519 2191 581 2270 ptis
603 2192 635 2252 in
657 2193 884 2264 instrumento,
908 2210 947 2254 ex
970 2194 1096 2271 speciali
1121 2195 1268 2255 mandato

518 2285 667 2347 antedicti
698 2285 785 2361 rogis
813 2285 1119 2363 wirtembergensis
1142 2288 1192 2348 die
1214 2289 1267 2350 de·

518 2379 597 2440 cima
620 2379 806 2440 novembris
828 2381 902 2442 anni
925 2381 1088 2442 millesimi
1104 2385 1268 2458 octingen-

521 2472 623 2534 tesimi
638 2471 787 2548 vigesimi
802 2471 959 2544 conlecto,
978 2475 1032 2550 qui
1049 2475 1179 2551 quidem
1195 2476 1237 2536 ita
1253 2492 1267 2536 a

521 2566 679 2644 praedicto
702 2575 904 2642 exequutore
927 2567 1088 2630 dividendi
1108 2578 1215 2641 erunt,
1233 2578 1269 2632 ut

518 2659 688 2738 episcopali
716 2675 846 2721 mensae
875 2661 987 2724 decem
1018 2662 1114 2725 millia
1140 2665 1266 2736 lloren,

519 2753 637 2814 decano
662 2753 791 2832 capituli
817 2753 957 2816 bismille
979 2763 1116 2832 quatuor
1137 2765 1267 2820 centum

519 2845 645 2923 lieren,
661 2847 836 2926 unicuique
851 2865 891 2912 ex
910 2865 965 2912 sex
981 2851 1139 2913 canonicis
1155 2851 1267 2914 lloreni

519 2938 609 3003 mille
631 2942 821 3020 octingenti,
847 2945 951 3022 primo
977 2961 994 3008 e
1026 2961 1082 3007 sex
1115 2946 1268 3024 praeben-

519 3033 598 3096 datis
629 3034 743 3098 lloreni
775 3040 942 3115 nongenti,
966 3038 1098 3101 cuilibet
1130 3057 1169 3101 ex
1201 3040 1269 3102 aliis

519 3127 662 3205 quinque
684 3131 905 3208 praehendatis
932 3131 1045 3194 lloreni
1079 3134 1266 3211 octingenti,

520 3219 655 3285 labricao
683 3223 872 3286 cathedralis
902 3225 1060 3287 Ecclesiae
1092 3233 1124 3288 et
1159 3243 1269 3288 manu-

520 3313 656 3377 tentioni
670 3314 807 3378 aliorum
822 3318 1039 3380 aedificiorum
1053 3319 1165 3382 lloreni
1178 3320 1268 3382 mille

520 3413 657 3485 quatuor
672 3415 813 3482 centum,
827 3413 999 3473 seminario
1015 3413 1202 3476 dioecesano
1214 3414 1269 3476 llo-

520 3517 590 3565 ren.
614 3512 685 3568 octo
707 3504 806 3566 millia
828 3507 1000 3581 nonaginta
1022 3508 1096 3580 duo,
1117 3509 1266 3571 cancella-

521 3598 585 3660 riae
609 3598 779 3678 episcopali
793 3599 907 3663 lloren.
925 3617 981 3662 sex
998 3601 1096 3665 millia
1112 3605 1268 3679 nongenti

520 3697 553 3752 et
572 3693 745 3765 sexdecim,
769 3694 942 3756 cathedrali
966 3695 1126 3757 Ecclesiae
1149 3711 1207 3774 pro
1223 3697 1268 3760 di·

520 3785 586 3846 vini
608 3784 713 3848 cultus
736 3789 884 3864 expensis
905 3788 1018 3851 lloren.
1043 3789 1182 3852 bismille
1196 3807 1268 3854 cen·

521 3885 589 3940 tum
611 3884 644 3940 et
664 3880 905 3958 quinquaginta,
921 3897 978 3958 pro
994 3883 1121 3944 aedituo
1136 3883 1268 3960 aliisque

519 3971 677 4034 Ecclesiae
689 3971 939 4037 inservientibus
952 3977 1065 4039 lloreni
1078 3979 1266 4055 octingenti,

519 4071 552 4128 et
580 4063 825 4145 hrchiepiscopo
853 4068 1072 4147 llrihurgensi,
1108 4077 1265 4149 tamquam

520 4159 778 4238 metropolitano,
803 4163 977 4238 octingenti
999 4166 1161 4241 sexaginta
1193 4181 1269 4242 qua·

519 4257 593 4313 tuor
615 4251 730 4316 lloreni
751 4257 913 4317 annuatim
932 4257 1114 4319 obveniant.
1138 4257 1268 4332 Quodsi

519 4347 656 4408 decanus
677 4349 713 4409 ad
737 4364 855 4410 munus
879 4351 972 4412 etiam
997 4349 1109 4412 Vicarii
1132 4351 1268 4414 Genera-

519 4438 558 4500 lis
580 4439 618 4500 ah
639 4440 795 4519 Episcopo
816 4441 966 4519 eligatur,
984 4443 1034 4504 alii
1050 4443 1163 4506 lloreni
1181 4447 1268 4508 mille

519 4539 551 4594 et
572 4541 702 4596 centum
718 4535 777 4612 ipsi
793 4545 889 4598 erunt
905 4537 1130 4614 persolvendi:
1148 4540 1174 4600 si
1190 4554 1268 4601 vero

518 4627 656 4706 simplex
677 4630 847 4691 canonicus
870 4630 1051 4708 capitularis
1077 4634 1113 4694 ad
1146 4634 1269 4710 praedi·

518 4729 605 4785 ctum
630 4723 736 4785 vicarii
760 4723 919 4800 generalis
941 4739 1059 4786 munus
1082 4727 1119 4788 ab
1141 4727 1267 4804 Episco-

519 4832 558 4895 po
580 4817 811 4894 designabitur,
837 4817 940 4880 eidem
964 4819 1163 4882 llorenorum
1180 4822 1269 4884 mille

519 4911 800 4988 septingentorum
830 4923 1041 4988 augmentum
1064 4915 1267 4978 attribuetur.

519 5005 686 5067 Praeterea
702 5021 759 5084 pro
776 5005 970 5067 habitatione
985 5007 1131 5085 Episcopi
1147 5023 1269 5086 proque

518 5099 605 5160 curia
631 5099 811 5177 episcopali,
835 5101 967 5162 domum
991 5101 1023 5162 in
1052 5103 1178 5164 civitate
1198 5101 1270 5164 liot-

518 5192 669 5270 lenburgi
685 5209 798 5254 versus
814 5193 931 5257 vallem
948 5193 973 5256 N
978 5196 1050 5257 icari
1063 5196 1165 5268 sitam,
1180 5213 1268 5274 prae-

519 5287 659 5350 fecturae
689 5289 798 5364 regiae
830 5297 920 5351 antea
953 5291 1161 5362 destinatam,
1195 5305 1268 5352 raum

518 5381 680 5444 adiacente
704 5382 809 5454 horto,
827 5399 860 5444 ac
877 5383 1078 5460 pertinentiis
1101 5384 1185 5458 suis3
1211 5400 1268 5461 pro

1043 574 1234 622 rnhurarus
1255 573 1312 618 SEU
1334 574 1552 620 deducebaris

1327 687 1466 766 virginis
1478 691 1517 752 de
1529 689 1634 754 llonte
1649 690 1808 762 Carmelo,
1826 689 1959 752 domum
1977 691 2076 769 ipsius

1324 784 1485 860 quoridam
1509 785 1654 847 coenobii
1676 785 1714 846 ad
1737 783 1885 846 Nicarum
1918 785 2008 846 sitam
2044 785 2075 845 in

1324 879 1488 940 seminarii
1510 878 1702 940 clericorum
1719 893 1814 940 usum
1830 879 2010 956 respective
2026 877 2077 938 ad-

1325 971 1385 1034 dici
1409 972 1609 1034 mandamus.

1364 1067 1382 1140 ἓ
1407 1065 1453 1126 17.
1470 1065 1663 1144 Episcopalis
1679 1066 1819 1128 Ecclesia
1836 1065 2078 1143 Limburgensis

1325 1159 1477 1235 gaudebit
1500 1159 1600 1230 bonis,
1625 1158 1744 1231 lundis,
1766 1160 1927 1231 censibus,
1944 1158 2078 1220 decimis

1323 1253 1458 1330 aliisque
1475 1253 1665 1324 redditibus,
1679 1269 1817 1316 annuam
1829 1269 1990 1316 summam
2002 1269 2075 1315 con-

1325 1346 1532 1409 stituentibus
1550 1346 1664 1423 viginti
1680 1349 1776 1408 unius
1793 1347 1931 1410 millium
1944 1363 2077 1408 sexcen-

1325 1446 1393 1501 tum
1409 1455 1465 1502 sex
1483 1441 1694 1512 llorenorum,
1713 1449 1809 1520 prout
1827 1449 1957 1519 apparet
1975 1456 2014 1502 ex
2031 1440 2078 1502 in·

1325 1541 1507 1596 strumento
1530 1534 1569 1596 de
1591 1535 1718 1613 speciali
1735 1535 1881 1598 mandato
1897 1535 1986 1597 ducis
2002 1533 2077 1596 Nas-

1325 1628 1432 1690 soviae
1455 1629 1506 1690 die
1537 1629 1628 1691 tertia
1658 1629 1792 1692 ianuarii
1819 1628 1980 1691 currentis
2002 1627 2077 1689 anni

1326 1721 1489 1785 millesimi
1506 1723 1710 1799 octingesimi
1726 1723 1876 1801 vigesimi
1892 1722 1986 1800 primi
2005 1739 2078 1783 con-

1325 1817 1423 1888 lecto,
1455 1832 1536 1894 quae
1565 1817 1695 1892 quidem
1726 1816 1869 1879 redditus
1896 1823 2078 1893 exequutor

1327 1911 1506 1988 praedictus
1519 1911 1560 1972 ita
1572 1910 1753 1980 distribuet,
1768 1918 1803 1972 ut
1819 1911 1850 1972 in
1865 1909 2011 1986 singulos
2024 1927 2077 1970 an-

1326 2021 1382 2065 nos
1399 2004 1572 2066 obveniant
1587 2005 1742 2082 Episcopo
1758 2005 1871 2066 lloren.
1888 2017 1945 2066 sex
1962 2002 2078 2078 millia;

1325 2099 1444 2159 decano
1473 2099 1600 2175 capituli
1623 2097 1764 2160 bismille
1787 2105 1924 2174 quatuor
1946 2103 2077 2160 centurn

1325 2193 1459 2264 lloren.;
1484 2193 1588 2269 primo
1610 2192 1774 2262 canonico,
1792 2191 1846 2268 qui
1868 2191 1965 2253 simul
1988 2205 2080 2268 paro-

1324 2287 1403 2348 chus
1414 2285 1655 2362 Limburgensis
1668 2287 1741 2356 erit,
1752 2285 1866 2348 lloreni
1880 2284 1968 2346 mille
1979 2285 2079 2346 octin-

1326 2379 1433 2458 genti,
1463 2379 1605 2441 secundo
1634 2378 1786 2441 canonico
1815 2377 1930 2440 lloreni
1959 2378 2079 2454 pariter

1327 2474 1414 2536 mille
1428 2473 1616 2550 octingenti;
1631 2473 1726 2534 tertio
1738 2473 1901 2544 canonico,
1915 2472 1969 2548 qui
1981 2471 2079 2534 simul

1326 2567 1387 2629 erit
1403 2567 1560 2648 parochus
1575 2565 1728 2628 ecclesiae
1745 2565 2009 2636 llietlxirchensis,
2023 2564 2080 2625 llo·

1326 2661 1395 2722 reni
1417 2661 1494 2722 item
1519 2660 1607 2722 mille
1632 2659 1826 2736 octingenti3
1851 2664 1964 2735 quarto
1986 2673 2079 2718 cano-

1327 2755 1407 2826 nico,
1421 2755 1475 2831 qui
1491 2754 1588 2816 simul
1604 2752 1761 2831 parochus
1778 2753 1840 2813 erit
1855 2751 1887 2812 in
1901 2750 1970 2813 hlta
1983 2749 2077 2822 Villa,

1325 2849 1438 2911 lloren.
1465 2848 1603 2910 bismille
1627 2853 1827 2922 tercentum
1851 2851 1883 2906 et
1898 2845 2011 2922 quinte
2032 2862 2080 2906 ca-

1325 2943 1451 3014 nonico,
1477 2942 1573 3004 simul
1601 2942 1739 3020 parocho
1765 2942 1797 3002 in
1824 2940 1924 3002 libera
1949 2940 2079 3004 civitate

1325 3035 1584 3098 l'rancolurtensi
1608 3035 1743 3110 eiusque
1765 3033 1943 3106 territorio,
1962 3049 1998 3095 ea
2013 3033 2079 3112 ipsa

1324 3145 1460 3201 summa,
1484 3144 1579 3206 quam
1603 3129 1650 3189 uti
1667 3126 1825 3204 parochus
1841 3135 1911 3189 actu
1928 3128 1989 3190 iam
2007 3143 2079 3205 pcr-

1325 3223 1400 3301 cipit
1430 3223 1541 3304 (super
1567 3221 1725 3284 dictarum
1758 3221 1941 3284 retentione
1968 3235 2080 3298 paroe-

1325 3317 1446 3379 ciarum
1468 3333 1540 3379 oum
1564 3315 1749 3377 memoratis
1765 3322 1902 3392 quatuor
1917 3315 2079 3378 canonicis

1325 3409 1493 3489 apostolica
1516 3409 1660 3486 delegata
1686 3408 1873 3471 auctoritate
1895 3409 2080 3488 dispensan-

1326 3505 1367 3576 di,
1384 3519 1457 3566 cum
1479 3505 1537 3566 hoc
1553 3511 1659 3567 tamen
1680 3503 1766 3582 quod
1787 3519 1881 3566 curae
1897 3503 2079 3567 animarum

1326 3599 1546 3676 paroeciarum
1580 3599 1763 3660 huiusmodi
1798 3615 1855 3677 per
1877 3599 2009 3662 idoneos
2030 3600 2080 3660 vi-

1325 3694 1425 3754 carios
1453 3692 1490 3754 ab
1519 3691 1704 3764 Ordinario,
1734 3693 1868 3754 servatis
1899 3693 2078 3765 servandis,

1325 3789 1362 3850 ad
1386 3787 1769 3849 termam-canonicarum
1796 3788 1996 3848 sanctionum
2026 3804 2081 3866 ap·

1326 3881 1506 3958 probandos
1529 3887 1561 3942 et
1576 3881 1790 3942 instituendos
1807 3887 1987 3958 opportune
2005 3896 2079 3959 pro·

1327 3973 1498 4052 videatur);
1515 3975 1620 4052 primo
1634 3975 1803 4046 sacellano,
1818 3975 1871 4051 uui
1888 3975 2079 4037 canonicum

1327 4069 1501 4146 parochum
1531 4067 1801 4145 Limburgensem
1834 4069 1867 4130 in
1895 4070 2076 4131 animarum

1326 4178 1401 4224 cura
1415 4163 1587 4233 adiuvabit,
1605 4162 1719 4224 lloreni
1731 4163 1919 4238 octingenti3
1937 4163 2080 4224 secundo
2105 4169 2107 4174 ’

1327 4256 1494 4328 sacellano,
1524 4257 1573 4318 cui
1605 4258 1716 4318 missas
1745 4258 1777 4318 in
1812 4255 1928 4319 sacello
1957 4257 2080 4319 Ptochii

1327 4349 1555 4426 limburgensis
1575 4350 1755 4413 satislacere
1772 4351 1946 4421 incumbet,
1964 4351 2080 4412 lloreni

1327 4443 1524 4520 octingenti;
1563 4443 1809 4520 hrchiepiscopo
1845 4442 2077 4520 Friburgensi,

1327 4537 1372 4598 uti
1395 4535 1655 4614 metropolitano,
1673 4551 1731 4615 pro
1747 4543 1810 4597 rata
1826 4539 1993 4614 augmenti
2009 4537 2080 4600 eius

1327 4632 1497 4694 dotationis
1519 4631 1697 4693 biscentum
1720 4632 1920 4708 septuaginta
1944 4631 2078 4706 lloreni;

1327 4727 1499 4789 seminario
1535 4727 1617 4786 intra
1653 4725 1849 4802 provinciam
1885 4726 2078 4798 constituto,

1326 4822 1378 4883 vel
1395 4820 1630 4890 constituendo,
1648 4835 1706 4897 pro
1722 4819 1913 4881 clericorum
1931 4819 2079 4882 Limbur-

1328 4915 1434 4992 gensis
1447 4914 1599 4976 dioecesis
1612 4913 1799 4975 educatione
1812 4920 1844 4974 et
1856 4913 2078 4985 instructione,

1329 5009 1441 5072 lloreni
1470 5007 1558 5069 mille
1582 5007 1770 5084 quingenti3
1794 5007 1999 5070 cancellariae
2026 5009 2079 5072 de-

1328 5104 1425 5180 nique
1448 5100 1629 5179 episcopali,
1653 5117 1686 5162 ac
1709 5115 1766 5178 pro
1789 5101 1921 5162 caeteris
1944 5104 2079 5180 sumpti-

1328 5198 1386 5260 bus
1421 5194 1705 5258 administrationis
1738 5201 1800 5255 tam
1834 5195 2076 5269 ecclesiasticae,

1327 5306 1422 5368 quam
1445 5289 1616 5358 bonorum,
1645 5287 1758 5351 lloren.
1784 5289 1923 5353 bismille
1948 5298 2079 5353 centum

1330 5387 1469 5462 triginta.
1508 5383 1567 5444 Pro
1591 5383 1735 5461 Episcopi
1768 5393 1933 5462 praeterea
1961 5385 2078 5449 habita-

520 5474 714 5536 hahitatione
736 5476 846 5538 decani
869 5477 1008 5554 capituli,
1034 5493 1089 5538 sex
1105 5479 1270 5539 canonico·
1296 5500 1298 5551 ι
1329 5483 1426 5550 tione,
1442 5480 1567 5557 praevia
1582 5479 1809 5555 suppressione
1823 5481 2008 5542 monasterii
2022 5497 2079 5543 seu

519 5585 604 5640 rum,
623 5576 655 5631 et
669 5585 726 5631 sex
749 5571 1051 5647 praebendatorum,
1068 5572 1141 5633 alias
1157 5573 1269 5634 domos
1296 5568 1298 5665 l

519 5663 551 5724 in
575 5663 737 5740 praedicto
760 5664 978 5726 instrumento
1001 5665 1120 5742 pariter
1152 5665 1269 5726 deseri·
1296 5690 1298 5727 :

520 5763 604 5834 ptas3
628 5773 773 5817 necnon
798 5773 854 5834 pro
877 5755 1056 5820 Seminario
1079 5758 1267 5836 Episcopatu,
1296 5790 1297 5801 .

1328 5573 1484 5640 coenobii,
1499 5573 1575 5634 olim
1592 5591 1607 5633 a
1624 5571 1787 5634 Fratribus
1804 5573 1923 5634 ordinis
1940 5571 1970 5635 S.
1985 5573 2081 5636 Fran·

1328 5667 1400 5727 uisci
1424 5666 1599 5736 inhabitati,
1624 5675 1748 5743 partem
1764 5666 1862 5742 ipsius
1880 5667 2075 5739 monasterii,

1328 5775 1422 5836 quam
1446 5759 1612 5836 hucusque
1639 5759 1778 5820 obtinuit
1810 5757 1989 5836 praelectus
2021 5761 2077 5820 du-

520 5851 645 5927 praevia
668 5851 893 5928 suppressione
915 5851 1101 5913 Conventus
1124 5853 1200 5913 olim
1224 5853 1269 5912 in·
1295 5876 1297 5923 t
1327 5852 1412 5924 calis,
1427 5869 1500 5913 cum
1517 5853 1654 5914 llnitimo
1668 5852 1761 5913 horto
1779 5852 1879 5914 muris
1895 5859 2003 5930 sept03
2022 5870 2080 5931 pro

520 5943 650 6005 habitati
672 5945 865 6007 aFratrihus
888 5945 1010 6007 ordinis
1026 5945 1138 6008 1133133
1156 5947 1268 6009 llariae
1295 5940 1298 6025 l
1329 5949 1449 6010 decano
1470 5963 1560 6018 vero,
1584 5947 1727 6023 quinque
1753 5947 1923 6020 canonicis,
1945 5953 1979 6009 et
2003 5949 2080 6009 duo-
