4814 6992
315 585 367 642 An.
381 587 409 640 d.
425 585 493 642 1666
550 583 588 646 tl

531 729 617 782 trum
635 722 889 783 excalceatorum
906 721 1051 784 eiusdem
1068 722 1201 786 Sanctae
1223 723 1283 786 lla-

531 817 596 877 riae
613 817 651 876 de
667 823 778 876 rnonte
794 814 941 876 Carmelo
959 817 1075 888 enrisit,
1093 817 1282 894 apostolatui

531 916 642 972 nostro
665 925 722 986 pro
755 909 858 970 salute
890 910 1070 972 animarum
1099 919 1282 974 vestrarum

475 1053 477 1058 .
531 1003 686 1064 laboranti
720 1001 932 1076 exbibuistis3
967 1005 1022 1066 sed
1055 1005 1282 1080 gravissimum

531 1098 635 1160 cordis
658 1095 759 1158 nostri
782 1097 820 1157 de
842 1097 978 1158 scissura
1000 1097 1092 1158 istius
1125 1099 1283 1160 Ecclesiae

531 1191 774 1269 llngamalensis
787 1191 932 1252 dolorem
947 1208 1143 1269 magnopere
1156 1208 1283 1254 exacer-

531 1287 628 1356 bavit,
654 1285 738 1362 quod
760 1285 908 1346 resistas
931 1284 1053 1346 nelario
1076 1286 1216 1348 Tltomae
1244 1287 1283 1347 de

530 1382 649 1458 Campo
665 1379 880 1451 conturbatae,
897 1377 1050 1456 pristinae
1073 1381 1211 1442 necdum
1233 1397 1283 1442 co·

532 1477 704 1553 grtovimus
727 1475 866 1536 redditas
889 1490 957 1536 esse
981 1475 1214 1552 tranquillitati.

571 1570 640 1644 52.
665 1569 704 1629 Et
726 1568 800 1645 quia
831 1577 962 1644 paterna
995 1575 1104 1630 nostre
1130 1569 1169 1630 de
1192 1568 1283 1632 vobis

445 1701 446 1706 κ
531 1662 714 1726 sollicitudo
737 1677 775 1722 eo
798 1661 899 1738 magis
922 1661 1120 1732 intenditur,
1144 1677 1207 1738 quc
1231 1677 1283 1740 pc-

531 1756 631 1819 ricula
653 1763 760 1818 vestra
782 1755 883 1831 magis
915 1755 1142 1832 ingravescere
1164 1757 1283 1818 intelli-

532 1850 657 1928 gimus3
691 1850 810 1910 iterum
844 1850 961 1910 advos
994 1849 1189 1912 mittendum
1213 1867 1283 1914 esse

532 1945 717 2007 censuimus
746 1959 820 2004 cum
857 1945 1011 2004 mandatis
1044 1944 1161 2004 nostris
1194 1961 1283 2006 euru-

532 2039 603 2100 dem
618 2038 802 2114 losepbum,
817 2037 908 2098 cuius
923 2037 1039 2098 evinria
1051 2037 1198 2107 ebaritas,
1212 2055 1284 2116 pro-

532 2133 623 2203 bites,
648 2132 727 2194 sides
749 2138 782 2192 et
803 2131 970 2202 industria,
994 2147 1029 2192 ac
1043 2132 1133 2194 vobis
1154 2147 1284 2218 quotque

532 2226 663 2304 probata
685 2225 789 2286 virtus
812 2232 844 2285 et
859 2226 1039 2302 prudentia,
1058 2225 1205 2286 fiduciam
1228 2243 1284 2288 no-

533 2319 579 2382 bis
612 2320 644 2380 in
673 2318 809 2389 Domino
841 2326 1020 2395 praestant,
1052 2319 1121 2380 lore
1150 2328 1186 2379 ut
1215 2320 1284 2382 eius
1311 2369 1313 2379 .

533 2432 629 2492 opera
658 2415 764 2475 uinaria
795 2415 866 2477 istic
898 2415 933 2477 ad
968 2413 1197 2491 omnipotentis
1228 2414 1284 2483 Dei

533 2510 668 2586 gloriam
705 2510 951 2585 animarumque
984 2514 1165 2568 vestrarum
1199 2507 1284 2568 utili-

533 2611 630 2664 tatem
653 2597 826 2663 salubriter
847 2609 1093 2677 componantur,
1118 2600 1284 2676 dictaeque

533 2697 693 2770 Ecclesiae
716 2703 826 2767 status,
851 2696 958 2760 divina
987 2696 1147 2772 largiente
1170 2694 1282 2770 gratia,

534 2807 688 2869 prospere
710 2790 961 2852 constabilimus.

573 2886 591 2960 ἓ
612 2887 641 2946 3.
665 2883 864 2961 Quapropter
885 2883 992 2960 ipsum
1017 2883 1189 2960 losepbum
1212 2897 1284 2960 apo-

532 2980 681 3042 stolicum
705 2979 738 3039 in
761 2978 819 3038 ista
853 2976 1013 3055 provincia
1043 2977 1160 3038 Terrae
1194 2976 1285 3038 Mala·

533 3073 658 3136 barium
674 3089 731 3134 seu
748 3069 854 3132 Sancti
869 3070 1011 3132 thaniae
1027 3071 1284 3132 commissarium

470 3197 474 3204 ·
533 3174 566 3230 et
597 3166 891 3230 administratorem
923 3164 1069 3227 eiusdem
1100 3163 1284 3242 provinciae

533 3261 777 3334 constituimus3
803 3273 925 3336 vosque
948 3258 1082 3337 proinde
1111 3273 1225 3320 omnes
1254 3264 1286 3320 et

532 3355 679 3433 singulos
711 3353 881 3416 hortamur
908 3354 942 3416 in
964 3353 1119 3426 Domino,
1147 3370 1181 3414 ao
1213 3367 1285 3431 apo·

533 3449 643 3512 stolica
666 3447 762 3510 etiam
789 3447 880 3510 vobis
912 3447 1102 3509 auctoritate
1133 3446 1284 3524 praecipi·
1347 3491 1348 3495 ,

533 3559 617 3615 mus,
641 3548 677 3603 ut
698 3541 851 3602 eumdem
872 3540 1056 3618 losepbum,
1073 3541 1121 3602 uti
1136 3545 1285 3601 nostrum

534 3645 566 3700 et
587 3635 684 3698 buius
707 3635 840 3696 Sanctae
863 3635 954 3696 Sedis
976 3634 1176 3712 Apostolicae
1200 3634 1285 3696 dele·

534 3737 643 3806 gatum
666 3735 868 3798 reverenter,
895 3727 976 3790 sicut
997 3744 1093 3790 veros
1126 3729 1285 3791 Ecclesiae

533 3823 713 3886 Gatbolicae
735 3823 818 3884 filios
840 3823 942 3894 decet,
975 3822 1162 3900 suscipiatis,
1197 3839 1286 3886 eum·

534 3933 597 3994 que
619 3917 727 3979 debito
756 3917 892 3986 honore,
926 3931 1048 3988 amore,
1077 3917 1232 3994 obsequio
1255 3925 1286 3978 et

531 4011 759 4074 benevolentia
794 4010 1050 4088 prosequamini;
1075 4027 1108 4072 ac
1130 4010 1176 4072 illi
1198 4011 1231 4072 in
1254 4027 1286 4072 o-

534 4105 662 4166 mnibus
693 4105 751 4176 iis,
775 4119 856 4180 quae
889 4104 1020 4178 nomine
1052 4111 1164 4167 nostro
1195 4104 1286 4166 vobis

534 4199 706 4268 mandavit,
730 4198 870 4259 studiosa
895 4197 1076 4258 bumilitate
1097 4198 1243 4276 pareatis.

573 4292 642 4368 51.
668 4293 768 4353 Porro
801 4291 828 4352 si
860 4291 963 4352 adbuc
994 4290 1092 4368 aliqui
1122 4307 1162 4352 en
1193 4291 1285 4352 vobis

534 4392 713 4448 memorato
731 4385 872 4446 'lbomac
888 4383 927 4445 de
942 4384 1073 4462 Campo,
1090 4385 1146 4461 qui
1165 4401 1285 4448 nomen

534 4477 679 4556 Episcopi
705 4493 821 4540 vesana
853 4477 913 4538 sibi
934 4479 1083 4555 superbia
1111 4479 1283 4556 arrogavit,

533 4572 729 4648 munerique
752 4571 901 4649 pastorali
928 4587 999 4632 sese
1021 4577 1131 4633 contra
1159 4571 1286 4632 canoni-

534 4681 583 4726 cas
604 4665 785 4728 sanctiones
808 4671 840 4726 et
868 4673 1051 4726 sanctorum
1085 4671 1210 4742 patrum
1234 4665 1286 4726 de-

534 4765 620 4820 creta
652 4758 876 4820 damnabiliter
908 4759 1060 4830 intrusit,
1098 4757 1283 4830 adhaerent,

534 4851 597 4914 illis
609 4851 668 4914 sub
683 4851 946 4914 interminatione
962 4851 1062 4913 divini
1073 4851 1182 4913 iudicii
1198 4867 1286 4930 prae-

535 4946 681 5024 cipimus,
699 4953 734 5008 ut
749 4962 820 5007 3636
835 4945 872 5007 ab
887 4946 943 5008 illo
959 4947 1087 5024 penitus
1102 4946 1284 5022 seiungam,

535 5039 630 5118 eique
653 5055 783 5118 quoquo
799 5040 895 5102 modo
917 5040 1093 5102 adhaerere
1108 5045 1162 5101 aut
1178 5039 1286 5102 lavere

535 5133 700 5210 desinanl;
734 5150 774 5194 ne
803 5134 902 5214 (quod
930 5135 1036 5194 divina
1068 5133 1286 5195 misericordia

535 5227 671 5306 avertat)
700 5235 790 5290 entra
821 5228 941 5290 caulam
966 5228 1092 5290 bomini
1120 5235 1284 5304 vagantes,

534 5322 566 5383 in
599 5329 750 5384 aeternae
786 5323 997 5385 damnationis
1030 5323 1213 5401 praecipitia
1242 5323 1286 5384 le-

536 5423 660 5478 rantur.

575 5510 643 5584 §lt
668 5510 707 5570 Et
729 5510 789 5570 boc
810 5510 912 5582 vobis,
938 5509 1005 5582 otii,
1039 5511 1286 5586 significandum

535 5605 698 5675 duximus,
716 5605 887 5681 quemdam
901 5608 1031 5667 nomine
1043 5605 1202 5682 lgnatium
1219 5604 1287 5666 Cal-

535 5697 736 5769 trimensem,
761 5695 861 5760 Atella
877 5715 934 5760 seu
951 5699 1161 5770 adeodatum,
1186 5715 1287 5760 asser-

536 5799 602 5854 tum
639 5793 860 5869 patriarcham,
892 5801 924 5854 et
952 5793 1200 5864 schismaticum,
1232 5793 1286 5869 qui

535 5887 568 5948 in
591 5885 742 5964 lleliapcr
768 5893 877 5965 captus
893 5887 1006 5949 ‘luisse
1038 5888 1165 5958 dicitur,
1191 5903 1287 5948 neca

536 5980 589 6044 lel.
620 5981 746 6044 record.
771 5980 958 6043 lnnocentio
980 5981 1030 6052 x..
1064 5999 1122 6043 nec
1151 5981 1188 6042 ab
1221 5981 1287 6042 ullo

1053 604 1117 648 lttlt.
1142 605 1234 650 PONT.
1259 605 1299 650 DE
1322 606 1351 650 P.
1377 605 1406 648 F.
1431 605 1514 649 1¹.th
1537 606 1557 648 l.

1340 724 1401 786 alio
1423 725 1566 788 Romano
1589 725 1752 798 1366666,
1771 725 2017 805 praedecessore
2037 741 2092 787 no·

1340 825 1422 889 stro,
1454 817 1536 880 istuc
1564 819 1700 880 missum
1729 819 1844 894 luisse;
1878 820 1934 881 sed
1957 819 2093 880 ementi-

1340 915 1390 972 tae
1412 911 1582 988 legationis
1610 913 1802 990 apostolicae
1830 919 1998 991 praetextu
2019 913 2094 974 sim-

1340 1003 1473 1082 plicitati
1491 1011 1618 1068 vestrae
1636 1006 1775 1069 illudere
1791 1013 1942 1081 tentasse,
1959 1022 2023 1084 quo
2035 1021 2094 1067 vos

1340 1098 1520 1170 erroribus,
1550 1099 1667 1178 quibus
1699 1100 1768 1178 ipse
1796 1100 1916 1164 misere
1947 1099 2094 1162 involve-

1340 1191 1446 1264 batur,
1469 1192 1660 1272 implicaret.

1380 1286 1398 1360 g
1420 1283 1450 1346 6.
1475 1285 1599 1348 Verum-
1621 1288 1736 1362 gratias
1753 1288 1878 1364 agimus
1895 1289 2021 1352 divinae
2036 1291 2094 1353 Be·

1340 1377 1503 1456 dignitati,
1525 1395 1605 1456 quae
1629 1382 1816 1459 perniciosis
1839 1383 1982 1446 eiusdem
2012 1387 2093 1448 sobi-

1339 1473 1463 1533 smatici
1485 1474 1650 1536 conatibus
1674 1474 1807 1546 obstitit,
1831 1491 1955 1555 vosque
1970 1489 2093 1558 aposto-

1340 1565 1401 1626 lico
1430 1581 1601 1628 monemus
1633 1575 1666 1630 et
1698 1569 1866 1632 bortamur
1898 1573 2030 1645 aflectu,
2058 1581 2094 1636 ut

1339 1659 1469 1722 solliciti
1489 1662 1626 1722 servetis
1641 1661 1797 1724 unionem
1816 1665 1947 1742 spiritus
1969 1667 2002 1728 in
2024 1669 2093 1730 vin-

1340 1753 1413 1816 culo
1436 1755 1534 1830 pacis3
1558 1763 1652 1832 atque
1675 1755 1717 1816 ita
1740 1757 1900 1819 charitatis
1922 1769 2014 1838 septo
2035 1776 2093 1823 vos

1340 1847 1469 1908 munire
1492 1848 1657 1918 studeatis,
1676 1855 1711 1910 ut
1725 1867 1742 1910 a
1757 1849 1909 1928 luporum
1931 1855 2093 1931 rapacium

1339 1939 1522 2002 incursibus
1545 1941 1651 2002 securi
1666 1943 1765 2004 vitam
1782 1945 1892 2020 agatis
1910 1963 1944 2008 ao
1960 1948 2092 2010 deinum

1340 2033 1492 2110 perennis
1516 2033 1637 2109 gloriae
1661 2037 1804 2112 praemio
1836 2039 1948 2105 donari
1970 2057 2093 2106 merea-

1341 2126 1431 2188 mini.

1380 2220 1494 2282 Datum
1518 2221 1648 2294 Romae,
1674 2223 1758 2300 apud
1787 2222 1818 2286 S.
1844 2224 1973 2288 llariam
2000 2229 2094 2291 11313-

1341 2329 1423 2386 rem,
1447 2313 1507 2376 sub
1537 2316 1656 2377 annulo
1685 2316 1865 2389 Piscatoris,
1899 2320 2093 2386 6166613-

1310 2396 1313 2538 Ι
1341 2405 1444 2468 nitarii
1467 2423 1600 2477 nucum.
1625 2410 1828 2486 pontificatus
1844 2414 1947 2474 nostri
1962 2431 2046 2478 anno
2062 2435 2091 2478 v.

1600 2611 1839 2621 ———..-.

1677 2784 1756 2846 xllt.

1341 2969 1397 3032 Fr.
1421 2969 1640 3048 Hyacinthum
1663 2991 1682 3035 o
1705 2973 1736 3035 S.
1763 2973 1942 3044 Vincentio,
1973 2993 2093 3040 carme-

1381 3064 1540 3134 tc'taoatnt,
1574 3065 1771 3128 visitatorem
1800 3069 1942 3130 omnium
1970 3069 2092 3134 atissio-

1381 3174 1460 3220 nrtm
1482 3158 1517 3219 in
1540 3157 1618 3222 Asia
1640 3159 1832 3222 constituit*

1463 3343 1582 3411 Dilecto
1604 3345 1670 3412 lilio
1692 3346 1779 3412 tratri
1807 3347 1974 3432 lllacpntbo

1543 3454 1561 3504 3
1585 3438 1618 3502 S.
1643 3438 1809 3519 Vincentio,
1832 3447 1892 3508 eto.

1517 3624 1753 3694 electrides
1778 3627 1839 3694 ΡΡ.
1863 3627 1922 3696 vlt.

1621 3817 1740 3884 bilecte
1763 3818 1816 3898 tili,

1376 3913 1504 3979 salutent
1528 3917 1559 3977 et
1581 3911 1780 3995 apostolicam
1804 3914 2059 3980 benedictionem.

1383 4104 1428 4165 De
1449 4111 1587 4181 spectata
1618 4111 1672 4165 tua
1705 4104 1902 4182 gravissimis
1933 4106 1966 4166 in
1999 4105 2095 4168 rebus

1344 4197 1417 4268 lide,
1444 4198 1641 4273 integritate,
1676 4199 1855 4276 prudentia,
1890 4199 2092 4270 dexteritate,

1343 4289 1501 4351 industria
1523 4296 1554 4352 et
1569 4291 1740 4353 catbolicae
1757 4292 1924 4368 religionis
1940 4292 2011 4354 zelo
2027 4291 2096 4370 plu-

1344 4385 1464 4447 rimum
1486 4387 1520 4446 in
1542 4385 1680 4446 Domino
1705 4387 1833 4459 contisi,
1870 4397 2004 4464 tequea
2027 4387 2095 4462 qui-

1343 4478 1454 4540 busvis
1490 4479 1841 4552 excommunicationis,
1875 4479 2095 4558 suspensionis

1345 4578 1378 4634 et
1398 4572 1571 4644 interdicti,
1605 4571 1740 4650 aliisque
1772 4574 1991 4636 ecclesiasticis
2024 4591 2095 4636 366-

1344 4667 1464 4740 tentiis,
1488 4668 1632 4728 censuris
1655 4675 1687 4730 et
1708 4669 1831 4745 poenis,
1854 4669 1957 4730 aiure
1977 4669 2031 4730 vel
2056 4668 2094 4730 ab

1343 4758 1487 4832 bomine,
1512 4761 1623 4836 quavis
1640 4761 1804 4824 occasione
1819 4761 1871 4823 vel
1888 4779 1990 4834 causa,
2010 4761 2092 4833 latis,

1344 4851 1371 4914 si
1393 4853 1508 4930 quibus
1524 4855 1769 4930 quomodolibet
1784 4855 1954 4917 innodatus
1971 4855 2092 4928 existis,

1344 4948 1382 5011 ad
1404 4948 1554 5010 ellectum
1578 4949 1795 5027 praesentium
1829 4949 1993 5010 dumtaxat
2021 4963 2094 5010 con-

1344 5043 1558 5119 sequendum,
1594 5042 1707 5103 barum
1730 5042 1813 5104 serie
1835 5041 2039 5104 absolventes
2062 5049 2094 5104 et

1343 5137 1525 5198 absolutum
1549 5135 1619 5197 iore
1641 5144 1820 5207 censentes,
1845 5143 1876 5196 te
1891 5137 2091 5198 visitatorem

1344 5229 1552 5308 apostolicum
1577 5229 1720 5291 omnium
1744 5227 1932 5290 missionum
1955 5230 1987 5291 in
2009 5229 2091 5302 Asia,

1343 5339 1417 5384 cum
1439 5321 1587 5386 facultate
1608 5323 1751 5399 singulas
1774 5329 1806 5384 et
1820 5338 2038 5399 quascumque
2054 5339 2093 5384 er

1344 5416 1434 5478 dictis
1468 5417 1691 5486 missionibus,
1727 5415 1795 5476 sive
1827 5414 2093 5493 presbyterorum

1342 5510 1566 5582 saecularium,
1589 5509 1656 5571 sive
1678 5509 1878 5586 regularium
1894 5510 1967 5580 sint,
1988 5525 2022 5572 ac
2044 5525 2094 5570 re·

1342 5603 1504 5676 sidentias‚
1530 5604 1652 5675 domos,
1677 5603 1823 5680 hospitia,
1848 5610 1880 5664 et
1895 5603 2043 5664 ecclesias
2062 5612 2094 5664 et

1343 5697 1490 5777 capellas,
1515 5713 1641 5758 necnon
1661 5713 1824 5774 personas,
1843 5713 1905 5767 res,
1929 5697 2011 5758 bona
2026 5713 2092 5758 mo-

1343 5791 1417 5855 bilia
1450 5800 1482 5854 et
1513 5791 1690 5852 immobilia
1722 5791 1895 5854 earundem
1930 5791 2090 5862 visitandi,

1344 5887 1514 5963 omniaque
1546 5894 1578 5946 et
1609 5885 1735 5963 singula
1770 5884 1922 5954 laciendi,
1952 5899 2033 5960 quac
2055 5885 2092 5946 ad

1344 5981 1438 6042 buius
1462 5979 1652 6041 visitationis
1679 5979 1902 6041 executionem
1935 5985 2089 6056 spectant,

2130 596 2224 652 3166.
2240 591 2315 649 1660
2360 640 2364 646 ,
