4814 6998
557 585 618 652 268

540 722 671 805 φέρεσθαι
693 726 733 802 τῷ
755 723 822 801 Θεῷ
842 721 897 794 την
921 719 1071 796 οίληθινην,
1100 721 1146 778 καί
1168 719 1310 788 οίκείαν,“

540 818 586 875 καί
606 813 768 894 ίλαστηριον
783 817 879 873 θυσίαν
896 811 969 894 ιίπέρ
986 813 1095 882 ζώντων
1110 815 1157 872 καὶ
1173 818 1289 893 νεκρῶν,

540 911 586 968 καὶ
605 909 634 968 ἐν
649 913 689 989 τῷ
705 905 856 989 αίγιωταίτιρ
872 913 923 983 τῆς
940 907 1128 988 ίθῦχαριστίας
1144 911 1289 988 μυστηρίῳ

541 999 680 1082 ῦπιίρχειν
698 1001 826 1076 αίληὲνῶς,
843 1000 929 1067 όντως
945 1002 991 1059 καίΙ
1007 1000 1146 1065 caleante,
1162 1000 1194 1058 τό
1209 1005 1289 1078 σῶμα

539 1097 571 1154 τὸ
597 1095 666 1173 αἷμα
694 1095 769 1173 μεταί
800 1099 851 1171 τῆς
874 1097 969 1176 ψυχῆς
999 1099 1045 1152 καί
1074 1093 1208 1169 θεότητος
1238 1099 1289 1152 τοῦ

540 1192 643 1268 Κυρίου
673 1186 755 1266 η’μιῦν
783 1189 880 1264 ’ίησοῦ
911 1191 1045 1267 Χριστοῦ,
1069 1193 1115 1246 καὶ
1142 1185 1214 1263 ὅλην
1235 1190 1290 1266 μέν

539 1282 593 1358 τήν
614 1287 664 1342 τοῦ
689 1280 772 1361 οίρτου
794 1283 892 1341 οὐσίαν
917 1281 953 1346 είς
975 1283 1007 1340 τὸ
1032 1286 1124 1358 σῶμα,
1149 1283 1195 1338 καὶ
1219 1277 1290 1357 όλην

539 1380 594 1452 την
615 1376 713 1435 ου’σίαν
735 1381 785 1435 τοῦ
807 1377 880 1434 οίνου
904 1373 942 1440 είς
964 1375 996 1432 τό
1023 1374 1092 1452 αίμα
1114 1375 1292 1452 μεταβιίλλε-

540 1474 617 1542 σθαι,
647 1464 685 1544 νῖν
713 1469 876 1546 μεταβολήν
904 1465 923 1544 η’
956 1468 1100 1544 ίίαθολικη
1132 1468 1291 1544 Ἐκκλησία

540 1566 723 1642 μετουσίωσιν
746 1562 891 1640 ὀνομέζει.

581 1659 637 1716 Καὶ
659 1656 745 1715 πόλιν
769 1654 898 1736 ὁμολογῶ
919 1657 966 1715 ἐπί
982 1655 1091 1736 θατέριρ
1114 1657 1199 1734 μόνον
1222 1657 1290 1714 εἴδει

541 1747 605 1810 όλον
627 1753 673 1810 καὶ
695 1751 807 1810 τέλειον
821 1751 872 1809 τόν
889 1751 1022 1830 Χριστὸν,
1043 1751 1089 1808 καί
1105 1751 1137 1808 τὸ
1157 1750 1291 1825 αίληθινόν

540 1844 693 1923 μυστήριον
713 1843 917 1920 λαμθοίνεσθαι.

579 1941 703 2014 Βεβαίως
720 1943 813 2018 κρατῶ
827 1938 860 1998 τὸ
875 1943 930 2018 πῦρ
947 1939 978 1998 τό
997 1937 1184 2018 καθαρτ·η’ριον
1202 1934 1294 2017 ῦπαίρ-

540 2056 614 2109 χειν,
637 2033 683 2090 καὶ
706 2031 756 2096 ταὶς
772 2032 865 2112 ψυχας
888 2035 938 2098 τας
957 2031 986 2090 έν
1003 2031 1080 2112 αὐτῷ
1096 2031 1291 2108 κατεχομένας

540 2131 602 2190 ταῖς
611 2129 778 2184 τιῦνπιστῷν
793 2124 964 2207 ἐπικουρίαις
976 2122 1291 2206 ώρελεῖσθαι.”1λμοίως

540 2219 604 2283 τούς
625 2215 739 2296 ’λγίους
761 2218 834 2295 μεταί
858 2223 910 2276 τοῦ
933 2221 1055 2297 Χριστοῦ
1079 2217 1289 2290 βασιλεύοντας,

540 2309 693 2389 τιμητέους
707 2335 737 2368 τε
762 2312 807 2370 καί
831 2309 1031 2386 ἐπιαλητέους·
1051 2311 1153 2375 salwode
1168 2334 1198 2367 τε
1217 2306 1289 2388 ιίπὲρ

542 2401 624 2482 ν’γμῶν
648 2403 736 2483 εὐχας
751 2408 790 2484 τῷ
805 2405 872 2484 Θεῷ
893 2403 1071 2484 προσρέρειν·
1096 2402 1131 2460 ταί
1147 2427 1176 2460 τε
1199 2402 1291 2460 αὐτῶν

540 2499 663 2578 λείψανα
685 2503 770 2575 τιμῆς
794 2495 867 2568 ῦξια.

576 2590 764 2670 ’ἰσχυρότατα
792 2593 998 2671 διισχυρίζομαι
1028 2594 1133 2670 χρῆναι
1162 2591 1212 2654 τίς
1239 2595 1290 2648 τοῦ

541 2687 663 2764 Χριστοῦ
678 2687 724 2743 καὶ
740 2690 790 2760 τῆς
809 2684 994 2764 τίειπαρθένου
1011 2684 1157 2742 Θεοτόκου
1175 2685 1291 2741 καὶτῶν

543 2777 635 2836 ἔλλων
653 2774 759 2857 ’λγίων
783 2777 893 2843 είκόνας
919 2777 1061 2857 ἔχεινκαὶ
1079 2778 1227 2856 κατέχειν,
1245 2778 1290 2836 καί

541 2871 656 2938 ταῦταιτ
674 2871 729 2947 την
745 2873 940 2952 προσήκουσαν
962 2871 1051 2952 τιμήν
1073 2874 1119 2930 καὶ
1141 2873 1290 2951 θεραπείαν

542 2965 709 3043 αίπονέμειν.

580 3060 642 3136 'Pria
668 3063 724 3116 τῷν
752 3057 959 3138 ίνέουλγεντιιῦν
994 3059 1119 3131 ἐξουσίαν
1153 3059 1209 3118 αίπό
1240 3062 1289 3116 τοῦ

543 3157 666 3234 Χριστοῦ
691 3153 720 3211 ἐν
742 3158 780 3236 τῷ
804 3151 871 3232 αίγία
890 3155 1048 3230 Ἐκκλησία
1073 3154 1220 3236 ίρεθῆναι,
1244 3176 1290 3211 και

541 3249 595 3324 τήν
621 3246 714 3306 αὐτῶν
742 3253 846 3327 χρῆσιν
868 3252 907 3323 τῷ
929 3253 1081 3328 χριστιανῷ
1109 3250 1170 3326 λαῷ
1199 3270 1293 3321 σωτη-

542 3339 684 3422 ριωττίτην
707 3332 777 3398 εἶναι
802 3340 961 3422 καταίρημι.

582 3433 643 3509 Trio
674 3429 776 3512 Ἀγίαν
809 3435 972 3510 Καθολικην
1002 3437 1047 3494 καί
1080 3434 1291 3509 ’λποστολικην

538 3525 707 3604 Ῥωμαϊκήν
726 3525 899 3601 Ἐκκλησίαν
922 3533 1017 3586 πασῶν
1039 3532 1093 3585 τῶν
1112 3526 1291 3602 'laxat-qaam

542 3620 655 3700 μητέρα
684 3622 730 3678 καί
759 3620 923 3680 διδόσκαλον
956 3621 1144 3700 ἐπιγινυίσκω,
1176 3623 1291 3700 καὶτῷ

539 3714 693 3794 Ῥωμαϊκῷ
721 3712 822 3794 ”dapar
850 3714 1012 3796 ’;λρχιερεῖ,
1044 3721 1084 3796 τῷ
1112 3719 1162 3774 τοῦ
1191 3713 1291 3795 ’.λγίου

543 3807 653 3887 ίίέτρου
680 3811 735 3866 τῶν
760 3807 946 3867 ’.λποστόλων
975 3813 1123 3890 κορυραίου
1153 3809 1290 3890 διαδόχῳ,

541 3906 588 3960 καί
611 3907 660 3960 τοῦ
684 3905 808 3985 Χριστοῦ
829 3909 1033 3988 τοποτηρητῇ,
1060 3905 1196 3981 αίληθινην
1221 3903 1294 3964 ῦπα-

542 3995 612 4072 κοη’ν
636 3993 828 4077 ὑπισχνοῦμαι
852 3999 898 4056 καί
921 3996 1036 4076 ὄμνυμι.

577 4085 701 4168 Ὁμοίως
722 4091 746 4149 τ’
765 4089 837 4148 όλλα
859 4090 952 4149 πέντα
975 4093 1010 4150 τό,
1034 4091 1109 4172 παραὶ
1132 4097 1188 4151 τιῦν
1210 4095 1293 4149 θείων

542 4183 667 4246 κανόνων
681 4186 728 4242 καὶ
744 4183 944 4260 οίκουμενικιῦν
956 4187 1089 4256 συνόδων,
1107 4187 1152 4245 καί
1168 4186 1292 4263 μέλιττα

543 4278 619 4358 παροί
634 4282 686 4362 τῆς
705 4276 734 4336 ἐν
749 4277 891 4358 Τριόέντιρ
914 4281 1002 4358 ίεροῗς,
1028 4282 1074 4338 καί
1097 4281 1172 4358 παρα
1192 4285 1244 4354 τῆς
1264 4279 1293 4338 ἐν

541 4375 689 4452 Βατικανῷ
707 4369 807 4449 ’.λγίας
830 4371 1038 4448 (λίκουμενικῆς
1063 4375 1186 4432 Συνόῦου
1204 4397 1295 4453 παρα·

542 4465 667 4534 δοθέντα,
692 4461 839 4544 ὁρισθέντα
861 4467 908 4522 καί
930 4461 1193 4546 διαταρηνισθέντα,
1220 4466 1295 4538 ἐξαι-

542 4558 630 4639 ρέτως
652 4557 683 4618 δέ
708 4559 771 4638 περὶ
794 4563 845 4617 τοῦ
868 4561 1005 4638 πρωτείου
1037 4563 1083 4618 καὶ
1113 4567 1163 4620 τοῦ
1196 4560 1226 4620 ἐν
1255 4565 1294 4640 τῷ

541 4652 681 4712 distexere
705 4651 878 4712 α’λανθόστου
901 4659 952 4711 τοῦ
977 4651 1144 4732 Ῥωμαικοῦ
1176 4655 1295 4734 ’.λρχιε-

542 4745 625 4826 ρέως,
650 4744 848 4828 ἀναμφιβόλως
879 4745 1056 4826 ἀποδέχομαι
1080 4751 1126 4806 καί
1151 4745 1290 4826 ὁμολογῶ·

541 4841 588 4900 καὶ
612 4837 686 4918 ὁμοῦ
709 4839 744 4898 τοὶ
772 4839 884 4898 ἐναντία
906 4841 998 4924 παίγτα
1023 4845 1068 4900 καὶ
1092 4843 1126 4900 ταί
1151 4846 1293 4920 σχίσματα

542 4937 587 4994 καὶ
611 4935 660 5000 τιίς
684 4933 806 5014 αἱρέσεις
837 4937 1043 5010 οίασῖηποτοῦν
1068 4933 1123 4995 lad
1149 4941 1199 5010 τῆς
1228 4936 1295 4994 'lta-

544 5029 660 5104 κλησίας
682 5030 929 5095 καταῦικασθείσας
952 5031 998 5087 καὶ
1023 5027 1226 5106 αἶποζίληθείσας
1247 5032 1293 5089 καὶ

545 5119 828 5199 αἶναθεματισθείσας,
859 5120 938 5200 κρίγώ
967 5119 1070 5200 ὁμοίως
1102 5123 1293 5191 καταδικόζω,

542 5213 708 5290 iactatio,
734 5213 940 5293 τίναθεματίζω.

583 5307 699 5383 Ταύτην
720 5308 775 5384 τήν
796 5308 934 5384 ἀληθινήν
956 5311 1109 5384 »τινοιν-ην
1131 5311 1242 5378 maan,
1260 5308 1294 5384 a,
1322 5350 1324 5371 ,

545 5401 644 5474 ἔξωθεν
666 5400 757 5468 οὐδεὶς
779 5402 913 5470 σώζεσθαι
936 5403 1063 5472 ὃῦναται,
1087 5398 1123 5477 ἣν
1143 5401 1171 5459 έν
1187 5408 1225 5483 τῷ
1242 5425 1296 5462 πα.
1322 5396 1324 5429 ¹

542 5495 617 5576 ρόντι
650 5492 781 5562 ἑκουσίως
812 5493 953 5576 ὁμολογῶ,
977 5499 1022 5554 καὶ
1049 5496 1157 5571 αίληθῶς
1188 5501 1293 5576 κρατῷ,

456 5661 459 5666 1
541 5591 596 5666 την
626 5590 719 5666 αὐτην
748 5591 860 5648 τέλειον
892 5593 937 5648 καί
968 5590 1123 5668 αἱμιιίμητον
1158 5585 1210 5654 ’ἕως
1242 5595 1294 5665 τῆς

543 5681 667 5760 ῦσταίτης
688 5689 739 5744 τοῦ
763 5687 821 5760 βίου
846 5683 986 5760 αίναπνοῆς
1009 5683 1193 5756 θεθαιότατα,
1216 5686 1295 5742 Θεοῦ

1065 603 1214 648 rotttlubh
1236 599 1459 649 PROFESSIONE
1481 600 1567 646 siout

1345 734 1472 788 verum,
1497 717 1675 796 proprium,
1708 726 1741 782 et
1768 715 2022 798 propitiatorium
2049 731 2095 776 sa-

1345 812 1501 874 crificium
1524 827 1581 890 pro
1604 812 1685 874 vivis
1707 819 1739 875 et
1761 811 1932 882 defunctis,
1953 814 2048 885 atque
2064 807 2096 870 iu

1346 905 1545 968 sanctissimo
1568 905 1786 970 Eucharistiae
1806 909 2003 967 sacramento
2026 917 2096 964 esse

1347 1015 1443 1070 vere,
1474 998 1603 1062 realiter
1633 1006 1665 1061 et
1693 997 1945 1062 substantialiter
1973 995 2096 1072 Corpus

1347 1099 1379 1156 et
1401 1091 1609 1169 Sanguinem,
1633 1108 1790 1155 unacum
1821 1091 1933 1154 Anima
1960 1094 1992 1150 et
2012 1086 2096 1148 Diri-

1347 1186 1445 1248 nitate
1467 1186 1501 1247 D.
1526 1185 1563 1248 N.
1593 1185 1663 1248 lesu
1690 1185 1826 1249 Christi:
1859 1183 1995 1260 fierique
2023 1197 2097 1242 con-

1346 1279 1530 1341 versionem
1548 1279 1645 1340 totius
1661 1279 1857 1343 substantiae
1873 1277 1961 1356 panis
1975 1276 2008 1336 in
2020 1274 2097 1336 Cor-

1347 1388 1417 1452 pus,
1442 1379 1473 1435 et
1496 1373 1592 1435 totius
1615 1373 1810 1436 substantiae
1832 1372 1898 1434 vini
1914 1371 1947 1432 in
1963 1367 2097 1445 Sangui·
2167 1417 2168 1422 ,

1347 1481 1434 1538 nem,
1458 1481 1553 1542 quam
1582 1467 1829 1528 conversionem
1858 1463 2012 1526 catholiea
2041 1461 2097 1522 Ec·
2132 1515 2135 1520 .

1346 1559 1441 1622 clesia
1464 1559 1833 1622 transubstantiationem
1856 1557 2003 1637 appellat.

1386 1653 1500 1716 Fateor
1522 1653 1617 1715 etiam
1640 1655 1699 1715 sub
1721 1653 1820 1715 altera
1842 1656 1965 1714 uatum
1988 1647 2094 1727 specie

1349 1753 1450 1810 totum
1472 1753 1567 1824 atque
1593 1747 1756 1824 integrum
1780 1745 1945 1808 Christum
1967 1759 2096 1805 verum-

1348 1856 1410 1919 que
1432 1847 1668 1902 sacramentum
1690 1840 1787 1902 sumi.

1387 1934 1578 1997 constanter
1590 1940 1685 1994 teneo
1697 1931 1922 2010 Purgatoriuna
1935 1947 2016 2001 esse,
2032 1929 2097 1992 ani-

1349 2042 1480 2104 masque
1512 2027 1555 2088 ibi
1589 2027 1733 2088 detentas
1762 2025 1907 2088 fidelium
1938 2023 2097 2100 suliragiis

1348 2122 1461 2184 iuvari.
1480 2119 1634 2182 Similiter
1650 2127 1682 2182 et
1697 2126 1821 2182 sanctos
1838 2135 1986 2181 unacum
2005 2118 2097 2179 Chri-

1347 2223 1396 2277 sto
1418 2221 1590 2291 regnantes
1612 2214 1814 2276 venerandos
1831 2219 1926 2290 atque
1948 2213 2097 2274 invocan-

1348 2309 1404 2371 dos
1426 2324 1506 2380 esse,
1531 2321 1652 2384 eosque
1674 2308 1834 2370 orationes
1851 2306 1916 2369 Deo
1933 2322 1990 2384 pro
2006 2306 2096 2368 nobis

1348 2403 1475 2473 ollerrc,
1499 2407 1594 2478 atque
1616 2417 1730 2462 eorum
1761 2401 1912 2478 reliquias
1942 2417 2014 2463 esse
2042 2415 2097 2462 re·

1348 2495 1514 2558 ncrandas.
1960 2491 1962 2495 '

1386 2587 1585 2650 Firmissime
1607 2603 1726 2660 assero,
1750 2588 1908 2665 imagines
1929 2585 2048 2649 Christi
2064 2603 2098 2648 ac

1348 2682 1498 2761 Deiparac
1528 2696 1657 2759 semper
1687 2681 1839 2759 Virginis,
1872 2696 1997 2744 necnon
2022 2680 2097 2742 alio-

1347 2793 1419 2839 rum
1443 2775 1645 2845 Sanctorum,
1678 2775 1836 2838 habendas
1860 2782 1892 2837 et
1913 2773 2097 2836 retinendas

1348 2889 1428 2944 esse,
1452 2877 1548 2948 atque
1571 2870 1616 2930 eis
1639 2868 1782 2932 debitum
1807 2871 1964 2934 honorem
1988 2887 2021 2931 ac
2043 2885 2097 2931 ve-

1348 2964 1548 3026 nerationem
1571 2962 1828 3042 impartiendam.

1387 3056 2096 3136 indulgentiarumetiarnpotestatemaChri-

1347 3157 1396 3213 sto
1419 3151 1451 3212 in
1473 3151 1613 3214 Ecclesia
1640 3151 1785 3213 relictam
1814 3150 1923 3224 luisse,
1954 3151 2097 3214 illarum·

1348 3259 1411 3320 que
1432 3260 1526 3305 usum
1550 3244 1724 3306 christiano
1747 3243 1865 3322 populo
1892 3245 2029 3307 maxime
2050 3262 2095 3306 sa-

1348 3337 1485 3398 lutarem
1508 3353 1578 3400 asse
1600 3337 1736 3400 affirmo.

1388 3428 1545 3502 Sanctam,
1558 3431 1752 3494 Catholicam
1769 3437 1801 3493 et
1813 3429 2024 3509 apostolicam
2037 3431 2107 3494 llo-¹

1349 3541 1473 3586 menam
1502 3525 1675 3588 Ecclesiam
1705 3524 1852 3587 omnium
1880 3525 2095 3587 Ecclesiarum

1349 3625 1484 3682 matrem
1508 3625 1539 3680 et
1555 3618 1739 3696 magistram
1761 3634 1918 3696 agnosco;
1941 3617 2097 3681 Romano·

1349 3729 1411 3791 que
1434 3711 1589 3782 Pontifici,
1612 3711 1645 3772 Β.
1663 3712 1747 3774 Petri
1763 3711 1991 3791 Apostolorum
2012 3712 2097 3790 prin·

1349 3807 1425 3886 cipis
1447 3805 1639 3878 successori,
1670 3823 1704 3867 ac
1732 3806 1804 3867 lesu
1826 3805 1944 3869 Christi
1966 3805 2095 3878 vicario,

1348 3915 1458 3962 veram
1482 3899 1696 3962 obedientiam
1718 3899 1860 3978 spondeo
1882 3901 2015 3962 aeluro.

1389 4087 1503 4152 Cetera
1528 4087 1607 4150 item
1630 4087 1735 4149 omnia
1761 4105 1777 4148 a
1802 4087 1898 4150 sacris
1922 4088 2097 4150 canonibus

1350 4190 1382 4245 et
1403 4181 1616 4244 oecumenicis
1645 4181 1797 4253 conciliis,
1828 4197 1862 4244 ac
1891 4181 2098 4259 praecipuea

1348 4283 1541 4338 sacrosancta
1569 4275 1753 4336 Tridentina
1776 4275 1906 4352 Synodo
1933 4281 1965 4337 et
1985 4275 2024 4336 ab
2047 4291 2098 4336 oe-

1349 4369 1516 4432 cumenico
1538 4367 1680 4431 Concilio
1702 4367 1852 4431 Vaticano
1875 4369 1998 4440 tradita,
2022 4368 2099 4430 deli-

1350 4463 1414 4526 nita
1443 4479 1477 4524 ac
1499 4463 1664 4534 declarata,
1688 4463 1877 4539 praesertim
1900 4463 1938 4523 de
1965 4460 2098 4523 Romani

1350 4557 1508 4620 Pontificis
1524 4555 1662 4634 primatu
1678 4563 1710 4618 et
1724 4555 1883 4618 inlallihili
1899 4553 2097 4631 magisterio,

1350 4651 1568 4714 indubitanter
1590 4649 1709 4726 recipio
1735 4655 1830 4726 atque
1857 4648 2030 4726 profiteor3
2060 4647 2099 4707 si-

1350 4744 1485 4820 mulque
1520 4743 1674 4804 contraria
1710 4743 1835 4814 omnia,
1869 4748 1901 4802 et
1930 4741 2100 4802 schismata

1350 4845 1445 4915 atque
1468 4837 1616 4898 haereses
1645 4851 1863 4913 quascumque
1892 4835 1929 4896 ab
1959 4833 2099 4896 Ecclesia

1350 4932 1512 4993 damnatas
1539 4935 1571 4990 et
1592 4931 1725 4992 reiectas
1748 4937 1780 4990 et
1807 4928 2098 5000 anathematizatas,

1350 5041 1412 5102 ego
1434 5025 1552 5102 pariter
1575 5023 1702 5092 damno,
1727 5021 1846 5093 reiicio,
1871 5029 1903 5084 ct
1918 5022 2099 5084 anathema-

1351 5117 1426 5179 tiao.

1391 5303 1476 5367 llanc
1498 5320 1610 5367 reram
1637 5304 1822 5366 catholicam
1851 5303 1975 5376 Eidem,
2006 5311 2096 5366 entra

1351 5414 1447 5478 quam
1469 5414 1565 5460 nemo
1587 5398 1692 5460 salvus
1715 5413 1785 5460 esse
1809 5405 1924 5476 potest,
1949 5413 2042 5476 quam
2066 5399 2099 5460 in

1352 5493 1512 5572 praesenti
1543 5499 1657 5570 sponte
1690 5492 1842 5568 profiteor
1882 5498 1915 5553 et
1942 5493 2100 5554 veraciter

1352 5595 1457 5656 teneo,
1489 5585 1635 5646 eamdem
1664 5584 1822 5660 integram
1854 5592 1887 5646 et
1915 5585 2097 5647 inviolatam

1351 5680 1511 5756 usquead
1535 5685 1717 5739 extremum
1740 5677 1824 5739 vitae
1853 5678 2003 5756 spiritum
2027 5695 2099 5740 con-

541 5783 748 5856 συνεργοῦντος,
766 5778 902 5854 κατέχειν
917 5780 963 5836 καί
980 5775 1143 5856 ὁμολογεῖν,
1167 5779 1213 5835 καί
1236 5773 1291 5834 ῦπὸ
1322 5790 1324 5847 l
1350 5774 1555 5844 stabilissime,
1591 5771 1655 5832 Deo
1683 5771 1864 5844 adiuvante,
1896 5771 2037 5834 relinere
2067 5779 2100 5834 θῑ

541 5874 596 5928 τῷν
628 5869 690 5946 ἐμοί
721 5867 931 5948 ὑποταγέντων,
956 5864 974 5945 ίγ
1005 5870 1119 5928 ἐκείνων
1141 5871 1179 5927 ὠν
1205 5868 1234 5927 ε’ν
1255 5875 1294 5950 τῷ
1322 5852 1324 5937 ί
1350 5865 1507 5936 confiteri,
1531 5869 1626 5940 atque
1647 5881 1663 5924 a
1686 5864 1766 5926 meis
1792 5863 1928 5926 subditis
1950 5863 2002 5924 Vel
2023 5863 2097 5934 illis,

545 5960 617 6044 ἔργῳ
634 5983 685 6039 μου
711 5962 908 6040 ἐπιμελεῖσθαί
925 5988 959 6040 με
983 5963 1091 6040 θεησει,
1114 5967 1292 6043 κρατεῖσθαι,
1320 5966 1323 6040 ί
1350 5975 1490 6039 (1110111111
1512 5973 1585 6020 cura
1608 5959 1644 6020 dd
1668 5975 1720 6020 ille
1735 5960 1768 6022 ln
1785 5975 1920 6022 munere
1940 5972 2101 6036 111808116-
