4814 6992
925 604 1068 650 oculitus
1090 603 1141 650 tte.
1167 604 1210 650 xl.

292 723 357 786 lleo
386 724 587 803 propitiante,
611 725 781 792 invectam,
804 725 918 786 eodem
948 724 1042 786 mise·
1118 717 1302 786 clarissimo
1325 720 1351 784 in
1372 717 1493 785 Gbrlslo
1512 718 1575 786 litto
1596 724 1700 786 nostro
1724 716 1824 796 Petro,

293 826 401 890 rente,
432 819 492 881 coli
522 819 608 890 istic,
640 825 672 880 et
699 833 814 896 regum
848 834 907 897 ope
939 817 1042 879 adbuc

294 913 393 990 magis
417 913 549 989 vigere:
581 927 653 974 cum
684 919 790 974 tameo
819 912 964 974 muneris
986 927 1042 976 no-

292 1007 351 1068 stri
371 1006 451 1068 ratio
473 1005 621 1084 postulat,
646 1013 691 1076 ut,
715 1005 771 1082 qui
796 1013 954 1084 pastorem
977 1006 1042 1082 agi·

295 1115 383 1170 mus,
413 1089 746 1176 oves'aguoscamus,
769 1099 919 1177 ipsaeque
950 1101 1042 1163 vicis-

292 1193 353 1254 sim
376 1209 433 1254 nos
455 1199 639 1270 agnoscant,
662 1192 850 1254 incredibile
872 1194 957 1256 dictu
980 1201 1039 1264 est,

293 1293 412 1363 quanto
440 1285 624 1364 repleamur
653 1285 784 1361 gaudio,
808 1285 861 1349 ubi
886 1303 903 1348 e
926 1287 1041 1348 dissitis

293 1387 451 1442 terrarum
476 1379 629 1458 partibus,
653 1380 832 1443 cuiusmodi
854 1381 931 1443 istae
954 1388 1040 1452 sunt,

293 1489 405 1535 eorum
429 1481 525 1545 voces
553 1473 590 1534 ad
619 1488 676 1533 nos
705 1471 907 1546 deferuntur,
931 1475 1042 1551 quise

294 1567 378 1628 inter
400 1566 510 1628 fideles
539 1566 675 1637 censeri,
699 1580 834 1642 esseque
856 1567 895 1628 de
918 1569 1042 1644 gremio

294 1659 452 1722 Ecclesiae
466 1668 498 1722 et
509 1660 545 1720 ad
560 1658 678 1721 Gltristi
696 1659 780 1721 ovile
796 1661 961 1737 pertinere
976 1661 1042 1738 glo-

295 1755 428 1816 riantur.

334 1847 433 1908 Parati
465 1853 573 1908 autem
606 1861 736 1918 omnes,
771 1848 825 1925 qui
859 1847 1041 1910 huiusmodi

294 1947 379 2012 sunt,
409 1939 579 2018 apostolica
602 1941 730 2002 caritate
757 1939 936 2020 complecti,
965 1942 1042 2003 ellu-

294 2034 360 2096 slus
388 2049 463 2096 sane
491 2033 663 2112 laetamur,
687 2034 740 2096 ubi
770 2034 827 2106 illi,
851 2035 967 2112 quibus
990 2050 1042 2113 po·

295 2127 361 2205 puli
383 2129 477 2190 multi
504 2127 742 2204 obsequuntur,
767 2135 905 2190 sanctam
931 2128 1042 2192 Roma-

295 2238 366 2284 nam
383 2221 553 2284 Ecclesiam
570 2229 602 2284 et
617 2221 809 2298 pontificiam
833 2229 973 2284 nostram
991 2239 1043 2286 au·

295 2317 472 2378 cleritatem
496 2323 700 2386 reverentur,
725 2331 789 2379 non
811 2317 896 2394 quod
926 2333 1040 2394 regum

262 2448 268 2454 -
294 2418 349 2472 aut
381 2411 560 2488 principum
591 2411 697 2472 studio
719 2419 773 2472 aut
794 2411 883 2474 cultu
906 2411 1043 2474 oblecte-

296 2519 369 2565 mur
391 2520 424 2566 ac
449 2501 643 2564 extollamur
664 2501 871 2581 (infirmitatis
892 2503 979 2565 enim
1012 2510 1044 2566 et

295 2596 484 2660 humilitatis
498 2602 627 2658 nostrae
638 2595 766 2666 conscii,
783 2611 845 2658 non
861 2597 933 2670 alio,
948 2612 1041 2674 qoam

294 2691 380 2752 servi
400 2704 570 2752 servorum
587 2689 643 2752 bet
659 2688 753 2750 titulo
768 2688 969 2769 gloriamur),
987 2691 1042 2754 sed

294 2783 368 2860 quis
390 2782 546 2861 praesidio
569 2789 601 2844 et
621 2781 808 2846 auctoritate
839 2799 964 2855 eorum,
988 2785 1044 2861 qui

295 2875 357 2938 lete
380 2875 596 2946 dominantur,
617 2873 729 2937 crediti
752 2876 843 2936 nobis
867 2877 975 2954 gregis
998 2878 1043 2938 in-

294 2977 457 3031 crementa
473 2967 595 3030 lacllius
610 2970 713 3047 parari
730 2985 822 3046 posse
840 2971 1041 3032 confidimus.

335 3061 430 3141 Spem
453 3063 572 3139 itaque,
593 3076 688 3140 quam
705 3077 745 3124 ex
762 3063 823 3123 tuis
847 3063 956 3127 officiis
971 3080 1044 3126 con·

292 3159 449 3234 cepimus,
473 3156 570 3234 quod,
587 3163 619 3217 te
638 3155 844 3218 missionibus
866 3157 1044 3234 apostolicis

293 3250 433 3322 lamento,
448 3251 615 3326 augendus
627 3249 711 3311 sitin
728 3249 795 3310 istis
812 3251 953 3328 partibus
969 3252 1044 3313 lide·

293 3342 374 3404 lium
397 3358 563 3414 numerus,
587 3349 619 3404 et
641 3344 725 3420 quod
756 3341 946 3420 contingere
974 3361 1044 3423 pos-

292 3437 360 3498 sint
374 3436 492 3498 maiora
507 3437 538 3498 in
555 3435 622 3498 dies
637 3437 815 3500 animarum
837 3437 934 3508 lucra,
953 3446 1043 3502 tuum

294 3539 355 3601 est,
373 3548 391 3592 o
413 3531 535 3608 regina,
552 3529 585 3592 in
601 3530 692 3592 uobis
707 3530 805 3598 alere,
822 3547 856 3593 ac
874 3534 1045 3609 praestanti

295 3631 349 3685 tua
371 3639 467 3702 opera
496 3623 615 3696 lavere,
639 3623 868 3700 utaliquando
897 3625 1044 3687 uberiora

296 3718 365 3780 istic
393 3717 567 3796 spiritualis
593 3716 730 3778 laetitiae
760 3727 948 3794 argumenta
975 3735 1045 3797 per-

296 3812 461 3889 cipiamus,
475 3811 597 3887 tibique
613 3811 724 3872 eadem
740 3825 805 3872 non
821 3810 885 3872 levi
901 3828 940 3873 ex
958 3820 1045 3890 parte

296 3907 490 3968 debeamus:
524 3920 583 3966 nec
615 3905 718 3966 deerit
750 3904 805 3966 tibi
835 3907 972 3978 occasio,
997 3923 1045 3968 re-

297 4001 416 4062 deunte
430 3998 536 4061 istbuc
550 3997 665 4060 eodem
681 3997 833 4075 religioso
849 3999 930 4072 viro,
948 4015 1045 4078 quem

296 4094 364 4172 pios
380 4093 505 4156 labores
520 4092 684 4170 apostolici
705 4093 849 4154 muueris
871 4093 979 4156 subire
996 4109 1046 4172 pa-

298 4197 399 4252 ratum
433 4187 488 4252 tibi
517 4187 612 4248 enine
641 4187 921 4259 commendamus,
952 4195 984 4249 et
1012 4188 1044 4250 ln

297 4283 471 4361 auspicium
494 4296 589 4343 verae
612 4298 646 4343 ac
668 4289 841 4360 perpetuae
862 4282 894 4342 in
910 4281 1046 4344 Domino

297 4374 466 4447 felicitatis,
482 4373 686 4453 apostolicam
702 4375 958 4436 benedictionem
983 4391 1045 4438 ma-

299 4471 400 4532 iestati
425 4477 496 4530 tuae
518 4467 735 4546 amantissime
758 4469 974 4546 impertimur.

339 4563 450 4625 Datum
480 4561 609 4632 Romae,
634 4563 715 4640 apud
745 4559 777 4623 S.
801 4561 929 4624 Mariam
953 4563 1046 4626 llaio-

299 4673 380 4727 rem,
393 4657 452 4718 sub
464 4655 582 4718 annulo
595 4655 687 4726 Piso,
697 4655 748 4716 die
761 4673 790 4716 v.
804 4655 873 4718 lulli
886 4673 1043 4731 soccus,

300 4751 501 4828 pontillcatus
522 4749 624 4812 nostri
646 4765 729 4810 enno
752 4765 806 4810 vn.

554 5003 793 5014 *-

652 5219 690 5282 V.

300 5408 442 5478 Petrum,
458 5423 561 5489 repom
587 5406 696 5488 Coepi,
714 5405 750 5470 ob
765 5409 868 5470 zelum
884 5426 943 5486 quo
957 5410 1049 5490 fidem

340 5520 378 5564 oc
389 5501 611 5565 missiouert'os
623 5501 718 5580 fouet,
730 5501 825 5564 laude
834 5503 1047 5582 prosequitur,

339 5596 427 5674 eique
441 5611 495 5675 pet·
509 5593 553 5676 fr.
569 5595 777 5658 Franciscunr
798 5594 990 5656 Ticioertsem
1002 5612 1050 5657 re-

337 5690 425 5770 piem
439 5705 590 5752 coronam
606 5705 644 5752 oc
654 5689 869 5769 precatoriam
885 5705 1048 5757 coronent,

338 5783 548 5863 iudttlpentt'is
569 5783 718 5852 ditatum,
741 5781 822 5845 dotto
843 5783 953 5844 mittit.

337 5999 367 6054 (l)
385 5995 533 6042 bullarium
549 5995 761 6052 capuccinorum,
776 5997 838 6040 tom.
855 5997 916 6050 vll,
932 6007 990 6052 pag.
1005 5997 1051 6038 205.

1311 812 1404 897 donni
1427 814 1491 896 repi
1515 812 1630 888 illustri,

1297 958 1484 1026 otfitttitts
1511 959 1578 1051 ΡΡ.Ι
1598 959 1644 1025 lll.

1148 1093 1278 1160 salutent
1301 1099 1333 1159 et
1355 1099 1453 1177 apost.
1478 1094 1718 1160 benedictionem
1739 1097 1796 1178 (l).
1832 1167 1835 1173 ἢ

1139 1281 1334 1346 Pontificiam
1351 1290 1494 1344 nostram
1510 1282 1767 1346 benevolentiam
1783 1286 1845 1346 sio-

1100 1377 1202 1454 gularl
1233 1379 1370 1455 quodam
1398 1377 1494 1440 modo
1522 1377 1627 1439 studio
1654 1378 1713 1440 sibi
1745 1379 1847 1442 couci-

1100 1471 1177 1533 liant
1198 1487 1293 1548 reges
1316 1477 1348 1533 et
1369 1471 1528 1549 principes
1551 1471 1608 1543 illi,
1627 1473 1692 1550 qul,
1710 1473 1768 1534 etsi
1785 1489 1848 1534 ma-

1099 1565 1184 1628 rium
1213 1583 1247 1628 ac
1274 1572 1435 1627 terrarum
1464 1564 1564 1643 spotio
1591 1565 1722 1627 anobis
1751 1566 1848 1644 longe

1099 1659 1226 1734 lateque
1259 1658 1368 1729 divisi,
1400 1656 1531 1720 Sanctae
1562 1665 1666 1721 tamen
1690 1659 1848 1722 Romanae

1099 1753 1257 1816 Ecclesiae
1285 1754 1423 1816 caritatis
1451 1753 1580 1816 vinculo
1614 1761 1646 1814 et
1673 1755 1747 1817 lidei
1779 1755 1848 1816 uni-

1101 1855 1162 1909 tate
1187 1847 1366 1919 coniuncti,
1391 1855 1426 1907 ut
1455 1847 1530 1918 beo,
1555 1847 1847 1910 misericordiarum

1099 1941 1182 2002 Patri
1205 1948 1237 2002 et
1259 1941 1418 2004 bonorum
1442 1940 1586 2002 omnium
1610 1941 1743 2012 auctori,
1768 1943 1849 2018 grati

1099 2035 1163 2097 sint
1191 2050 1308 2112 proper
1337 2034 1464 2111 insigne
1494 2033 1683 2096 beneficium
1713 2050 1850 2112 evange-

1099 2129 1176 2191 licae
1208 2128 1304 2200 lucis,
1329 2143 1423 2206 quam
1447 2145 1462 2188 a
1484 2127 1658 2190 maioribus
1690 2136 1849 2208 acceptant

1099 2221 1261 2285 custodire
1284 2225 1493 2292 meruerunt,
1524 2237 1559 2281 ea
1587 2220 1688 2282 imbui
1714 2222 1849 2300 populos

1100 2321 1194 2392 atque
1225 2313 1382 2382 nationes,
1406 2315 1522 2389 qulbus
1552 2313 1770 2386 dominantur,
1794 2331 1849 2376 eos

1100 2407 1255 2486 perviam
1279 2415 1428 2469 aeternae
1442 2406 1553 2469 salutis
1574 2407 1688 2470 deduci
1710 2409 1851 2484 gaudent

1100 2510 1133 2565 et
1162 2508 1285 2573 curant,
1316 2517 1350 2561 ac
1377 2500 1513 2578 proinde
1541 2515 1647 2562 sacros
1674 2499 1727 2564 Dei
1759 2503 1850 2564 mini-

1099 2604 1194 2668 stros,
1211 2593 1401 2658 christianae
1417 2593 1560 2655 veritatis
1582 2609 1766 2671 praecones,
1784 2611 1850 2658 mo-

1100 2707 1173 2752 rum
1204 2689 1420 2758 institutores,
1453 2687 1638 2764 disciplinae
1666 2688 1848 2766 magistros,

1101 2783 1317 2846 missiouarios
1353 2781 1561 2860 apostolicos,
1596 2781 1736 2858 benigne
1769 2784 1852 2846 exci-

1102 2879 1203 2956 piunt,
1234 2875 1359 2938 lavores
1389 2882 1641 2953 prosequuntur,
1666 2877 1852 2939 auctoritate

1099 2987 1154 3033 sua
1177 2970 1287 3032 levent
1308 2987 1342 3030 cc
1363 2969 1484 3030 iuvant.

1141 3062 1292 3124 Maiestati
1315 3063 1421 3138 itaque
1444 3067 1526 3131 tuae,
1551 3076 1646 3137 quam
1670 3063 1729 3126 boc
1744 3065 1851 3126 animo

1101 3173 1171 3219 esse
1203 3155 1402 3226 audivimus,
1438 3154 1555 3216 uberes
1591 3157 1714 3234 paterni
1749 3159 1850 3220 nostri

1101 3251 1218 3311 amoris
1253 3247 1503 3326 significationes
1543 3249 1662 3311 delerri
1702 3251 1852 3314 volumus

1101 3359 1159 3422 per
1188 3343 1338 3405 dilectum
1373 3341 1492 3414 fllium,
1520 3342 1708 3419 religiosum
1733 3347 1850 3419 virum,

1101 3438 1302 3500 Franciscum
1336 3435 1537 3498 Ticinensem
1571 3453 1611 3498 ex
1642 3435 1761 3501 Ordine
1794 3440 1852 3502 lra-

1101 3541 1186 3594 trum
1221 3531 1383 3592 minorum
1417 3528 1448 3592 S.
1473 3529 1639 3600 Francisci,
1668 3535 1851 3609 capuccino-

1102 3641 1174 3688 rum
1204 3629 1473 3701 nuncupatorum,
1499 3624 1687 3686 missionum
1716 3627 1850 3689 istarum

1103 3719 1300 3797 praefectura
1337 3717 1460 3795 pridem
1498 3717 1664 3788 iunctum,
1701 3737 1735 3781 ac
1771 3721 1852 3784 istuc

1103 3815 1198 3876 modo
1220 3817 1453 3882 revertentem,
1471 3812 1525 3889 qui
1541 3811 1632 3874 nobis
1656 3821 1782 3890 praeter
1804 3831 1852 3878 re-

1104 3909 1172 3987 giae
1194 3915 1266 3969 tuae
1298 3904 1406 3983 stirpis
1434 3905 1566 3975 decora,
1592 3913 1725 3984 tuasque
1754 3907 1853 3986 ipsius

1103 4009 1300 4081 praestantes
1330 3999 1436 4066 dotes,
1470 3999 1529 4060 boc
1561 3999 1665 4077 ipsum
1700 4007 1791 4063 tuum
1819 4003 1852 4064 in

1103 4096 1221 4160 (lbristi
1244 4095 1340 4157 fldem
1356 4099 1389 4154 et
1405 4092 1577 4154 llomanam
1600 4093 1770 4156 Ecclesiam
1789 4096 1852 4158 cul-

1103 4197 1170 4252 tum
1194 4206 1228 4250 ac
1250 4186 1452 4263 obsequium,
1477 4193 1508 4247 et
1529 4185 1660 4249 filialem
1682 4188 1713 4250 in
1729 4205 1787 4251 nos
1810 4197 1853 4251 at-

1103 4299 1166 4362 que
1199 4280 1411 4362 Apostolioam
1448 4277 1564 4341 Sedem
1601 4281 1851 4358 observantiam,

1104 4377 1263 4457 peculiare
1296 4375 1390 4437 etiam
1428 4373 1569 4436 studium
1603 4392 1637 4436 ac
1669 4378 1854 4454 propensio-

1103 4487 1189 4542 nem,
1208 4485 1268 4547 qua
1291 4469 1341 4530 sui
1356 4465 1482 4530 Ordinis
1501 4467 1712 4545 prolessores,
1730 4469 1854 4532 missio-

1103 4565 1207 4627 narios
1222 4561 1411 4641 apostolicos
1427 4561 1644 4639 prosequeris,
1659 4563 1784 4640 prolixe
1800 4580 1854 4626 no·

1104 4659 1151 4721 bis
1173 4655 1332 4735 esposuit.
1837 4664 1840 4670 “

1143 4749 1188 4812 Τιι
1212 4763 1290 4812 vero
1314 4747 1454 4810 vicissim
1475 4747 1512 4808 ab
1529 4763 1567 4810 eo
1583 4749 1617 4810 ad
1637 4757 1667 4810 te
1682 4750 1851 4822 redeunte,

1103 4859 1200 4923 quem
1233 4841 1407 4904 voluntatis
1437 4841 1601 4919 animique
1633 4844 1732 4906 nostri
1755 4844 1854 4906 inter-

1104 4945 1229 5017 pretem
1257 4936 1338 5014 apud
1369 4941 1399 4997 te
1422 4937 1658 5010 constituimus,
1684 4939 1850 5017 percipies,

1105 5047 1199 5109 quam
1228 5030 1322 5093 enine
1344 5048 1359 5091 a
1385 5029 1450 5091 Deo
1479 5029 1691 5108 postulemus,
1714 5039 1751 5094 ut
1778 5048 1851 5095 cum

1104 5125 1207 5188 salute
1229 5142 1263 5186 ac
1291 5125 1461 5196 felicitate,
1494 5141 1570 5186 suae
1603 5126 1721 5202 gratiae
1754 5127 1855 5189 incre·

1106 5227 1212 5282 menta
1234 5218 1291 5281 tibi
1313 5219 1478 5296 largietur,
1496 5219 1708 5296 incendatque
1727 5237 1856 5298 semper

1105 5313 1207 5391 magis
1240 5329 1294 5376 cor
1326 5321 1417 5374 tuum
1452 5313 1523 5374 zelo
1555 5315 1793 5391 promovendae
1823 5316 1854 5376 iu

1106 5406 1172 5467 istis
1204 5404 1347 5483 partibus
1379 5405 1569 5466 christianae
1605 5405 1695 5472 fidei,
1732 5413 1766 5466 ut
1800 5421 1856 5484 per

1108 5500 1185 5562 baec
1198 5498 1300 5561 studia
1316 5506 1408 5560 tuum
1431 5499 1511 5576 apud
1536 5514 1611 5559 eum
1634 5499 1784 5560 meritum
1803 5517 1855 5562 cu-

1108 5593 1223 5664 mules,
1240 5592 1443 5670 amplamque
1467 5593 1648 5654 mercedem
1675 5594 1729 5654 tibi
1752 5611 1853 5672 pares,

1107 5703 1179 5766 que,
1205 5694 1275 5764 post
1296 5701 1464 5748 emensum
1489 5686 1584 5746 buius
1600 5687 1683 5748 vitae
1705 5688 1852 5764 spatium,

1108 5788 1264 5860 perpetuo
1287 5779 1413 5842 lruaris.
1621 5784 1623 5789 ’

1788 587 1825 649 79
1883 587 1933 644 nn.
1948 586 1975 644 C.
1991 585 2064 646 1707*
