4836 7002
328 556 503 616 1331313
559 555 618 621 28⁰

541 692 941 756 3333333333313133333
962 692 1047 766 licet,
1071 693 1173 771 quoad
1202 699 1285 763 vota,

541 789 730 860 iuramenta,
748 787 1001 865 irregularitates
1020 794 1052 848 et
1073 803 1223 849 censuras
1239 803 1287 848 ee·

541 881 747 954 olesiastieas,
777 896 894 959 nempe
920 879 1285 951 excommunicationes,

541 973 768 1052 suspensiones
787 973 1012 1045 311313331313,
1033 990 1091 1036 nee
1107 990 1171 1035 non
1184 973 1286 1050 quoad

541 1067 748 1128 omissionem
778 1065 923 1129 omnium
952 1066 1020 1127 sire
1046 1067 1223 1144 aliquarum
1248 1081 1287 1127 ex

541 1160 850 1233 denunciationihus,
874 1166 955 1238 quae
983 1159 1195 1222 matrimoniis
1217 1175 1287 1238 333-

540 1269 691 1316 sonarum
704 1253 742 1316 ad
754 1254 928 1332 praedictas
940 1253 1044 1332 copias
1054 1253 1285 1331 pertinentium

433 1389 436 1394 -
541 1348 842 1428 praemittldebent3
855 1349 998 1424 itemque
1010 1347 1287 1410 omnibusutrius·

540 1458 605 1521 que
624 1459 722 1506 sexus
744 1443 899 1521 personis,
923 1441 956 1502 13
978 1439 1168 1504 3311331333
1189 1440 1287 1517 333113

541 1537 763 1608 existentibus
801 1537 961 1599 licentiam
989 1533 1195 1612 impertiendi
1223 1540 1287 1596 tam

541 1629 880 1709 quadragesimalibus,
904 1645 998 1708 qnam
1022 1629 1090 1691 aliis
1112 1629 1186 1692 anui
1209 1635 1288 1690 tem-

541 1725 672 1804 poribus
693 1741 727 1787 ac
748 1723 871 1797 diebus,
889 1723 1005 1801 quihus
1028 1739 1101 1785 esus
1123 1723 1285 1794 carnium,

542 1832 678 1881 ovorum
701 1824 733 1880 et
754 1817 985 1881 lacticiniorum
1013 1816 1134 1878 3311133
1155 1822 1212 1886 331,
1237 1815 1287 1876 113-

505 1971 507 1976 .
541 1913 613 1974 dem
638 1910 801 1975 lacticiniis
823 1917 918 1986 atque
934 1909 1029 1970 etiam
1045 1909 1204 1979 carnibus,
1221 1923 1287 1969 ser-

540 2013 676 2082 vataque
698 2004 799 2068 lorma
821 2003 949 2075 ieiunii,
981 2009 1138 2079 quatenus
1165 2018 1221 2080 pro
1243 2001 1288 2064 lo-

540 2115 668 2170 corum,
700 2105 884 2176 temporum
915 2104 947 2159 et
975 2111 1186 2174 personarum
1215 2111 1288 2158 con·

499 2203 503 2212 ·
541 2193 661 2256 ditione
684 2191 753 2254 lleri
776 2199 897 2268 potest,
923 2189 1033 2252 utendi
1062 2205 1096 2250 ao
1117 2189 1286 2266 vescendi;

540 2287 672 2366 insuper
694 2284 876 2348 celebrandi
898 2285 1025 2346 missam
1042 2284 1119 2344 hora
1134 2300 1196 2344 una
1215 2295 1288 2345 ante

540 2395 700 2451 auroram,
722 2394 780 2440 seu
802 2385 873 2456 post
896 2376 1076 2447 meridiem,
1096 2384 1138 2448 31,
1156 2377 1182 2436 31
1197 2383 1289 2452 cogat

540 2474 725 2544 necessitas,
749 2473 844 2533 etiam
867 2477 957 2532 extra
976 2469 1142 2532 ecclesiam
1162 2470 1194 2531 in
1211 2485 1288 2546 quo·

540 2583 679 2644 cumque
701 2567 771 2628 loco
797 2564 934 2636 decenti,
959 2563 1054 2626 otiam
1076 2564 1135 2626 sub
1158 2564 1220 2636 dio,
1244 2572 1286 2636 et,

542 2661 729 2738 gravissima
755 2659 888 2736 insuper
917 2663 1055 2734 urgente
1083 2657 1285 2730 necessitate,

541 2754 588 2816 bis
620 2754 737 2826 indie,
768 2753 794 2814 si
823 2759 930 2814 tamen
959 2754 1105 2814 sacerdos
1134 2752 1167 2813 in
1190 2751 1288 2830 priori

542 2848 635 2910 missa
657 2847 854 2910 ablutionem
877 2862 942 2908 non
964 2846 1139 2924 sumpserit
1157 2853 1189 2907 et
1211 2846 1288 2907 ieiu-

541 2957 602 3004 nus
623 2941 733 3013 133311,
750 2957 810 3004 333
829 2957 894 3002 333
914 2955 1010 3018 33333
1025 2940 1115 3002 311331
1135 2941 1286 3018 333131111,

542 3041 659 3098 31333
681 3035 811 3112 integro
833 3034 902 3096 sive
922 3034 1027 3111 aliqua
1049 3049 1088 3095 ex
1112 3042 1200 3112 parte
1229 3033 1288 3096 lra-

540 3136 591 3190 313
620 3135 674 3190 331
701 3126 809 3200 13333,
840 3135 873 3190 31
897 3131 966 3190 3133
998 3127 1186 3190 Sanctorum
1214 3128 1286 3190 reli-

541 3223 641 3300 quiis3
665 3223 817 3300 denique,
843 3221 869 3282 si
897 3221 990 3283 aliter
1016 3219 1171 3284 celebrari
1193 3222 1288 3284 missa

540 3333 606 3379 non
628 3317 738 3395 possit,
762 3323 794 3378 et
816 3315 896 3378 absit
918 3315 1096 3394 periculum
1116 3315 1286 3393 sacrilegii,

540 3409 679 3472 scandali
707 3417 740 3472 et
761 3409 1005 3479 irreverentiae,
1022 3411 1118 3470 etiam
1141 3425 1287 3486 praesen·

542 3503 626 3564 tibus
660 3501 828 3566 haereticis
857 3509 952 3580 atque
983 3503 1286 3578 excommunicatis;

435 3609 437 3616 ·
541 3602 706 3675 praeterea
728 3595 939 3658 benedicendi
961 3610 1034 3656 vasa
1055 3602 1088 3656 et
1107 3606 1288 3673 paramenta

541 3707 628 3753 sacra
662 3691 786 3768 aliaque
821 3691 858 3753 ad
890 3690 1035 3752 31313333
1071 3690 1194 3752 cultum
1231 3709 1288 3771 pro

541 3786 674 3848 servitio
696 3785 883 3847 earumdem
911 3783 1098 3846 militarium
1124 3785 1287 3863 copiarum

541 3880 705 3942 dumtaxat
726 3879 914 3950 necessaria,
939 3879 1081 3956 exceptis
1103 3885 1210 3941 tamen
1232 3881 1286 3954 iis,

540 3974 573 4036 in
597 3973 713 4054 quibus
727 3988 813 4036 sacra
828 3972 938 4034 unctio
960 3979 1008 4034 est
1029 3971 1223 4048 adhibenda3
1240 3990 1288 4036 re·

541 4067 729 4130 conciliandi
751 4066 908 4145 cappellas
930 4073 963 4128 et
989 4067 1183 4128 coemeteria
1211 4083 1288 4144 qno·

541 4161 719 4224 modolibet
741 4161 879 4240 polluta,
911 4159 937 4221 si
966 4160 1003 4222 ad
1025 4159 1171 4222 locorum
1200 4160 1288 4224 Ordi-

541 4257 646 4318 333133
676 4255 865 4318 commodus
897 4270 961 4317 non
993 4262 1096 4332 pateat
1125 4271 1286 4328 accessus,

541 4365 619 4428 aqua
641 4356 749 4412 tamen
764 4347 853 4426 prius
869 4363 926 4426 per
948 4347 1139 4409 catholicum
1158 4347 1288 4410 Antisti-

541 4450 607 4506 tem
629 4442 814 4514 benedicta,
842 4449 891 4514 et,
915 4441 942 4502 31
963 4457 1077 4518 magua
1099 4451 1213 4519 urgeat
1234 4460 1288 4504 ne-

540 4537 680 4608 cessitas,
703 4551 783 4614 aqua
812 4535 907 4600 etiam
934 4536 1112 4598 abeodem
1142 4553 1206 4598 non
1236 4537 1288 4599 be-

541 4631 681 4706 nedicta3
703 4630 885 4694 celebrandi
908 4631 1037 4691 missam
1060 4630 1287 4692 defunctorum

541 4740 600 4802 pro
628 4725 732 4786 anima
758 4724 901 4796 illorum,
932 4724 1042 4800 quiin
1069 4725 1160 4788 dictis
1190 4725 1288 4802 copiis

541 4817 592 4895 pie
613 4817 821 4890 decesserint,
839 4833 911 4880 cum
928 4817 1110 4895 privilegio,
1128 4825 1164 4880 ut
1185 4818 1288 4880 anima

540 4910 606 4988 ipsa
628 4927 644 4971 a
666 4911 778 4988 poenis
801 4911 978 4989 purgatorii
997 4909 1201 4988 posmodum
1224 4911 1288 4974 sul-

541 5002 645 5080 lragii,
669 5003 695 5064 31
719 5003 759 5066 113
775 5003 839 5094 lieo
855 5004 1020 5082 placuerit,
1038 5003 1211 5080 liberetur3
1235 5005 1288 5066 de-

541 5099 640 5175 niqne
674 5098 868 5161 concedendi
901 5098 1051 5161 omnibus
1087 5107 1119 5161 et
1152 5099 1289 5176 singulis

541 5192 813 5264 christifidelibus,
830 5193 867 5255 ad
884 5199 1076 5255 memoratas
1091 5193 1195 5269 copias
1218 5209 1287 5270 per·

542 5285 730 5358 tinentibus,
747 5287 779 5348 13
794 5285 929 5350 33113313
950 5287 1064 5351 mortis
1086 5288 1198 5350 saltem
1215 5303 1288 5349 con-

541 5379 643 5452 tritis,
667 5379 693 5442 si
715 5381 861 5444 confiteri
880 5388 1004 5460 3333313
1026 5390 1204 5458 nequeant,
1229 5397 1288 5443 333

541 5491 607 5538 333
645 5475 678 5536 13
709 5473 879 5538 Nativitate
912 5475 1039 5537 Domini
1074 5474 1181 5540 Nostri
1216 5475 1287 5538 lesu

541 5569 676 5642 Christi,
710 5569 867 5632 Paschatis
889 5569 1145 5632 Resurrectionis
1172 5577 1204 5632 et
1234 5569 1288 5630 hs-

541 5664 734 5741 sumptionis
757 5663 870 5726 Beatae
895 5663 1008 5724 llariae
1035 5662 1177 5740 Virginis
1200 5663 1287 5726 lestis

542 5756 666 5828 diebirs,
682 5772 761 5818 vere
783 5765 890 5820 133333
913 5757 1152 5836 poenitentibus
1168 5764 1200 5820 et
1215 5773 1286 5820 con·

582 5974 612 6028 ll)
629 5975 664 6016 Ex
679 5975 742 6029 Reg.
758 5972 838 6030 Epist.
853 5972 885 6018 ad
902 5972 1034 6029 Principes
1049 5974 1098 6017 etc.
1113 5983 1154 6016 en.
1172 5983 1229 6016 xrrr.

1060 541 1126 620 ron.
1149 573 1241 620 3333.
1265 573 1305 619 33
1326 572 1356 619 a.
1381 573 1411 618 r.
1435 572 1518 618 rans
1539 573 1561 618 r.

1345 690 1436 753 lessis
1458 709 1492 752 33
1513 707 1599 754 33333
1621 691 1851 753 communione
1868 690 2009 762 relectis,
2027 689 2093 767 ple-

1345 786 1466 848 nariam
1483 793 1684 864 peccatorum
1701 801 1835 847 suorum
1857 784 2092 862 indulgentiam

1344 887 1377 940 et
1399 879 1634 941 remissionem.
1653 877 1811 943 Volumus
1826 886 1934 941 autem
1957 885 1988 940 et
2004 895 2093 956 prae-

1344 973 1489 1050 cipimus,
1507 979 1543 1034 ut
1557 973 1756 1050 supradictus
1770 989 1941 1051 supremus
1954 973 2093 1034 eleemo-

1344 1067 1491 1143 synarius
1514 1083 1572 1129 seu
1589 1067 1690 1128 maior
1704 1066 1907 1144 cappellanus
1930 1067 2018 1129 nulla
2034 1067 2093 1128 3113

1344 1169 1569 1238 praeterquam
1601 1155 1749 1238 33333133
1784 1176 1932 1238 expressa
1967 1161 2094 1222 iurisdi-

1345 1254 1467 1326 ctione,
1502 1255 1721 1328 lacultatibus,
1742 1252 1924 1332 privilegiis
1947 1255 2093 1316 indultis·

1345 1361 1408 1424 que
1430 1364 1524 1426 supra
1540 1347 1714 1426 designatis
1729 1349 1832 1426 quoad
1848 1348 1927 1421 loca,
1942 1365 2005 1420 333,
2023 1365 2093 1426 333-

1345 1457 1437 1504 33333
1466 1451 1731 1505 commemoratas
1759 1443 1806 1504 uti
1828 1443 1948 1505 331331
1974 1443 2091 1515 331331,

1346 1551 1410 1598 333
1440 1535 1650 1609 obstantibus,
1682 1536 1756 1598 lieet
1777 1536 1905 1614 speciali
1929 1537 2094 1598 mentione

1345 1629 1462 1706 dignis,
1485 1629 1517 1691 in
1533 1632 1729 1693 contrarium
1754 1630 1941 1692 iacientibus
1963 1631 2093 1708 quibus-

1345 1738 1495 1800 cumque.
1526 1723 1574 1785 hd
1604 1732 1807 1795 extremum,
1838 1724 2025 1786 mandamus
2050 1732 2094 1785 at-

1345 1831 1408 1893 que
1433 1817 1649 1889 decernimus,
1681 1816 1736 1878 has
1764 1825 1889 1880 nostras
1918 1817 2094 1880 1111333331

1344 1911 1470 1987 singula
1492 1911 1524 1972 in
1546 1911 1659 1974 iisdem
1677 1911 1908 1988 comprehensa
1924 1912 2014 1974 nullo
2036 1929 2094 1974 un-

1345 2020 1439 2083 quam
1464 2013 1610 2082 tempore
1632 2007 1671 2068 de
1693 2005 1911 2082 subreptionis
1927 2006 1980 2068 vel
2002 2006 2093 2067 obre-

1346 2099 1462 2177 ptionis
1484 2107 1538 2162 aut
1559 2099 1714 2162 nullitatis
1730 2100 1808 2161 vitio
1826 2117 1883 2162 seu
1905 2099 2093 2162 intentionis

1345 2203 1472 2256 nostrae
1494 2191 1621 2254 delectu
1645 2207 1685 2254 ex
1713 2191 1855 2268 qualibet
1876 2208 1977 2263 33333,
2006 2207 2093 2269 prae·

1346 2293 1435 2348 textu
1465 2293 1498 2347 et
1526 2284 1638 2362 333113,
1669 2285 1764 2346 etiam
1793 2283 1824 2346 in
1855 2300 1988 2362 corpore
2014 2283 2094 2345 iuris

1345 2379 1462 2451 clauso,
1493 2378 1608 2448 notari,
1633 2378 1816 2456 impugnari
1837 2376 1890 2438 vel
1912 2377 1944 2439 in
1968 2383 2093 2440 contro·

1344 2473 1483 2534 versiam
1510 2471 1617 2533 vocari
1649 2487 1760 2549 posse,
1794 2485 1909 2532 verum
1937 2479 2094 2550 perpetuo

1345 2567 1464 2630 validas
1486 2575 1518 2628 et
1538 2565 1679 2628 efficaces
1701 2563 1841 2628 existere
1860 2564 2094 2637 3313333333-

1346 2676 1408 2738 que
1430 2659 1592 2738 plenarios
1614 2668 1646 2721 et
1667 2660 1811 2736 integros
1834 2659 1967 2722 31133133
1985 2660 2095 2721 3331131

1346 2763 1378 2816 31
1399 2755 1556 2826 33113333,
1580 2771 1614 2816 33
1635 2754 1673 2816 ab
1696 2753 1863 2836 omnibns,¹
1874 2753 1910 2815 ad
1931 2768 2010 2830 quos
2024 2769 2094 2833 spe-

1345 2855 1407 2911 ctat
1418 2856 1451 2911 et
1462 2847 1707 2926 quomodolibet
1720 2847 1753 2908 in
1765 2845 1910 2908 loturum
1928 2847 2092 2924 spectabit,

1345 2942 1573 3007 inviolabiliter
1586 2941 1748 3004 observari
1763 2941 1894 3012 debere,
1908 2957 2049 3018 eumque
2061 2943 2093 3002 in

1345 3039 1443 3100 linem
1460 3037 1629 3100 contrariis
1645 3036 1914 3114 quibuscumque,
1932 3036 1969 3097 iis
1985 3037 2092 3108 etiam,

1346 3146 1483 3208 quorum
1508 3129 1677 3208 3333113313
1692 3135 1724 3190 31
1739 3143 1887 3204 expressa
1904 3128 2026 3190 mentio
2041 3129 2094 3190 ha·

1346 3224 1446 3286 33333
1469 3229 1565 3295 33331,
1583 3224 1622 3284 33
1641 3221 1831 3300 apostolicae
1847 3227 1975 3284 nostrae
1989 3229 2095 3284 aucto-

1345 3317 1445 3380 ritatis
1472 3315 1672 3395 plenitudine
1701 3317 1905 3392 derogamus.
1936 3315 2094 3377 Volumus

1346 3420 1510 3490 praeterea
1533 3417 1628 3487 atque
1654 3409 1859 3483 mandamus,
1886 3417 1923 3473 ut
1948 3426 2094 3488 praeseu-

1346 3504 1426 3566 tium
1440 3503 1618 3566 litterarum
1632 3503 1839 3581 transumptis
1855 3503 1950 3566 etiam
1962 3504 2094 3582 impres-

1345 3602 1399 3672 sis,
1424 3615 1520 3661 manu
1543 3605 1649 3661 tamen
1678 3597 1812 3661 alicuius
1839 3598 1953 3660 notarii
1976 3598 2093 3676 publici

1344 3693 1532 3771 subscriptis
1554 3710 1588 3753 33
1610 3690 1717 3768 sigillo
1736 3705 1891 3768 personae
1906 3690 2094 3754 ecclesiasti-

1345 3803 1398 3850 cae
1421 3787 1564 3857 munitis,
1582 3786 1693 3848 eadem
1716 3800 1849 3863 prorsus
1871 3783 1950 3846 11333
1965 3785 1998 3846 13
2013 3786 2093 3847 1331-

1344 3881 1393 3942 313
1416 3888 1448 3942 31
1469 3889 1558 3942 extra
1580 3879 1658 3941 illud
1689 3878 1887 3948 adhibeatur,
1912 3893 1992 3955 quae
2017 3880 2093 3957 ipsis

2129 556 2181 612 Ati.
2195 555 2224 612 C.
2238 555 2306 612 {857

1345 3974 1568 4051 praesentibus
1589 3973 1808 4044 adhiberetur,
1828 3972 1853 4033 si
1876 3971 1984 4034 forent
2005 3972 2093 4034 exhi·
2189 3973 2191 3979 '

1345 4067 1428 4130 bitae
1449 4067 1502 4128 vel
1525 4073 1683 4128 ostensae.

1385 4159 1498 4221 Datum
1515 4159 1643 4232 Romae,
1661 4161 1741 4237 apud
1759 4157 1790 4219 S.
1805 4159 1949 4234 Petrum,
1965 4162 2026 4224 sub
2041 4177 2094 4222 an-

1346 4254 1423 4316 nulo
1446 4253 1568 4325 Piscat,
1592 4253 1643 4316 die
1666 4267 1755 4314 xxxi.
1773 4253 1879 4314 martii
1894 4271 2092 4328 neccarum,

1346 4347 1547 4424 pontificatus
1569 4346 1670 4408 nostri
1692 4362 1774 4407 anno
1797 4363 1841 4408 xr.

1693 4631 1744 4694 lv.

1346 4818 1487 4882 Primati
1499 4819 1723 4881 Areteaioram
1742 4818 2034 4900 Constantinopolis
2043 4821 2095 4882 lit·

1361 4929 1364 4941 ·
1387 4919 1473 4976 13333
1493 4913 1594 4993 refert
1609 4929 1629 4976 a
1643 4910 1766 4976 daubata
1787 4913 1920 4976 vicariis
1938 4913 2093 4991 13333313,

1386 5025 1406 5070 3
1427 5005 1712 5070 33333333311133
1734 5025 1771 5070 aa
1790 5008 1959 5087 permultis
1976 5014 2095 5088 specto·

1386 5099 1502 5164 bilibus
1513 5101 1607 5164 laicis
1625 5102 1763 5164 armenii
1776 5101 1860 5163 ritas
1876 5107 2095 5182 3333313333-

1384 5193 1561 5258 serentibus
1588 5213 1620 5257 33
1646 5195 1855 5258 asabismate
1880 5197 2042 5259 emersisse
2066 5204 2095 5259 31

1383 5305 1441 5369 333
1463 5288 1524 5370 pide
1544 5289 1704 5352 catholiea
1725 5289 1834 5352 amaia
1853 5292 1973 5370 perpeti
1997 5307 2095 5370 pera·

1387 5390 1433 5446 tos
1455 5399 1529 5446 3333.
1549 5382 1589 5444 lii
1604 5383 1784 5451 committit,
1801 5390 1837 5444 31
1857 5384 1921 5446 illis
1938 5383 2095 5463 pontificii

1384 5476 1422 5538 de
1453 5476 1574 5540 113333
1605 5476 1708 5538 adimi
1737 5477 1896 5540 laetitiam
1924 5483 1953 5537 et
1983 5493 2095 5538 333333

1384 5569 1910 5650 31331Ῑ33131,33133333331131331
1927 5587 1976 5632 eas
1987 5569 2094 5650 [ocea-

1385 5665 1440 5726 333
1462 5682 1499 5726 33
1521 5664 1649 5727 maiora
1666 5665 1700 5725 in
1715 5663 1787 5743 3331
1799 5664 2032 5744 propagatione
2046 5663 2093 5724 ia·

1385 5762 1546 5820 crementa
1568 5757 1603 5818 ia
1625 5757 1690 5818 dies
1711 5755 1938 5838 3333333311).
