4814 6998
564 547 623 612 aad

545 686 613 747 sive
643 687 736 748 etiam
759 703 798 748 ex
821 703 870 758 33,
901 686 985 762 quod
1016 684 1234 748 solemnitates
1262 691 1295 747 33

544 795 756 857 3333333333
771 780 829 841 3133
844 778 950 842 forsan
972 779 1127 841 servanda
1150 787 1182 841 et
1197 781 1294 841 adim·

545 873 659 951 pienda
680 874 713 936 in
736 873 917 951 praemissis
948 873 1083 936 minime
1116 880 1240 937 3333333
1263 881 1296 935 33

543 967 725 1046 adimpleta,
750 983 806 1030 seu
822 983 945 1040 causae,
964 976 1097 1046 prepter
1111 983 1189 1045 quas
1206 983 1294 1044 prae·

544 1065 651 1123 sentes
674 1061 905 1132 emanaverint,
937 1077 1002 1124 nou
1025 1062 1221 1124 sufficienter
1243 1062 1295 1124 ad-

544 1154 667 1224 ductae.
691 1154 871 1216 veriiicatae
900 1163 932 1217 et
954 1155 1139 1217 iustificetae
1160 1154 1292 1227 luerint,

437 1263 441 1276 ·
546 1247 659 1320 notari,
684 1248 877 1326 impugnari,
894 1256 948 1310 aut
969 1249 1042 1312 alias
1057 1249 1201 1324 iniringi,
1226 1265 1293 1310 sus·

546 1341 651 1420 pendi,
675 1343 839 1419 restringi,
863 1343 1005 1415 limitari,
1035 1343 1085 1405 vei
1109 1343 1140 1404 in
1167 1349 1294 1406 contro-

544 1435 683 1496 versiam
706 1437 823 1507 vocari,
848 1437 916 1499 sive
938 1437 1092 1500 adversus
1121 1455 1172 1500 eas
1205 1438 1294 1499 resti-

545 1527 676 1590 tutionis
698 1528 731 1590 13
752 1531 929 1606 integrum,
947 1531 1132 1608 aperitionis
1148 1531 1224 1604 oris,
1241 1538 1295 1592 aut

544 1621 628 1684 aliud
651 1621 879 1700 quodcumque
894 1623 984 1696 iuris,
999 1623 1070 1687 laeti
1087 1624 1139 1687 vei
1154 1625 1294 1687 iustitiae

544 1715 726 1776 remedium
748 1716 929 1794 impetrari,
958 1723 1011 1779 aut
1039 1717 1098 1779 sub
1127 1717 1294 1794 quibusvis

543 1808 709 1870 contrariis
720 1809 1011 1879 constitutionibus,
1025 1811 1292 1883 revocationibus,

544 1903 797 1974 imitationibus,
826 1903 1125 1974 modificationibus,
1157 1905 1294 1968 decretis

543 2013 577 2058 33
598 1996 864 2061 declarationibus
889 1998 1093 2074 generalibus
1109 1999 1160 2062 vel
1177 2000 1293 2077 specia-

544 2090 627 2151 libus
653 2091 896 2168 quomodolibet
921 2091 1020 2163 iactis,
1045 2092 1179 2153 minime
1202 2108 1294 2169 posse

543 2183 785 2261 comprehendi,
809 2184 864 2245 sed
887 2200 1016 2264 semper
1044 2185 1081 2246 ab
1110 2185 1173 2247 iilis
1202 2201 1295 2248 exce·

544 2285 610 2354 ptas
633 2292 703 2338 3333
726 2277 860 2348 331333,
883 2295 917 2339 33
941 2285 1100 2356 tamquam
1130 2295 1168 2341 ex
1194 2281 1294 2357 ponti-

544 2370 631 2433 ilciae
663 2371 883 2448 providentiae
910 2372 1023 2444 officio,
1047 2381 1132 2434 certa
1163 2373 1293 2436 scientia

543 2471 575 2526 et
596 2465 759 2542 potestatis
782 2464 982 2542 plenitudine
1005 2468 1121 2530 nostris
1143 2467 1238 2530 iactas
1262 2477 1293 2530 et

543 2563 714 2628 emanatas,
747 2565 903 2635 perpetuo
937 2559 1055 2622 validas
1089 2569 1121 2622 et
1151 2559 1292 2622 efficaces

543 2649 684 2712 existere
705 2657 738 2712 et
759 2651 841 2721 iore,
865 2665 1007 2728 suosque
1025 2652 1184 2731 plenarios
1201 2660 1232 2716 et
1247 2653 1292 2714 in-

544 2751 651 2821 tegros
674 2743 805 2806 effectus
826 2745 934 2806 sortiri
957 2754 988 2809 et
1010 2747 1168 2816 obtinere,
1193 2765 1226 2810 ao
1255 2748 1292 2810 ab

543 2838 703 2910 omnibus,
727 2839 763 2900 ad
787 2855 868 2916 quos
890 2847 1010 2916 spectat
1033 2847 1064 2902 et
1093 2842 1292 2918 quomodoli-

543 2932 596 2995 bet
618 2933 771 3010 spectabit
793 2933 825 2996 in
848 2931 1007 3006 loturum,
1027 2941 1184 3013 perpetuo
1199 2943 1231 2996 et
1247 2936 1294 2997 in·

543 3025 737 3088 violabiliter
766 3027 947 3100 observari,
977 3044 1011 3089 ac
1039 3028 1291 3105 supradictarum

544 3120 749 3183 ecclesiarum
764 3119 925 3199 Episcopis
938 3128 969 3183 33
981 3121 1133 3200 Capitulis
1146 3121 1290 3200 aliisque,

543 3228 682 3290 quorum
706 3213 850 3276 lavorem
873 3221 1057 3290 praesentes
1080 3223 1207 3276 3333333
1222 3215 1292 3278 1333-

544 3323 597 3370 333
625 3313 835 3377 concernunt,
870 3308 1035 3384 perpetuis
1068 3306 1186 3369 iuturis
1213 3315 1292 3372 tem·

544 3399 675 3478 poribus
690 3399 876 3479 plenissime
891 3394 1057 3478 sdiiragari
1075 3400 1206 3474 debere,
1224 3419 1293 3465 eos-

543 3493 682 3570 demque
717 3509 815 3571 super
857 3493 1038 3570 praemissis
1075 3495 1224 3558 omnibus
1261 3505 1294 3560 33

542 3587 689 3664 singuiis,
712 3586 765 3649 rel
787 3586 919 3648 iliorum
941 3604 1044 3660 causa,
1068 3589 1106 3651 ab
1133 3590 1293 3668 aliquibus

542 3681 653 3758 quavis
675 3681 861 3743 auctoritate
884 3680 1092 3759 iungentibus
1117 3685 1293 3761 quomodo-

541 3775 620 3838 libet
642 3774 817 3846 moiestari,
835 3775 1027 3852 perturbari,
1045 3776 1218 3853 inquietari
1240 3779 1291 3840 vel

541 3869 701 3947 impediri,
720 3884 778 3930 uec
793 3869 1064 3945 adprobationem
1080 3887 1138 3932 seu
1150 3871 1293 3934 verifica·

488 3993 492 4003 ‹
543 3963 661 4024 tionem
679 3976 960 4039 quorumcumque
973 3962 1130 4026 iniisdem
1147 3980 1294 4042 praesen-

542 4055 625 4117 tibus
649 4063 852 4116 narratorum
874 4069 1016 4132 unquam
1048 4057 1163 4128 teneri,
1188 4073 1294 4134 neque

541 4150 577 4210 ad
601 4149 631 4210 id
653 4149 686 4210 in
707 4147 824 4210 iudicio
847 4148 898 4210 331
922 4155 1012 4210 33333
1033 4151 1105 4226 cogi
1134 4167 1191 4212 seu
1208 4169 1292 4213 com-

543 4242 618 4322 pelli
646 4259 748 4322 posse,
767 4248 808 4314 et,
826 4243 851 4303 si
874 4258 1086 4321 3333333333
1109 4245 1157 4306 bis
1179 4263 1194 4306 3
1216 4261 1294 4323 quo·

541 4353 648 4413 quam,
660 4337 770 4413 quavis
782 4337 1190 4408 33333333333,33333333331
1204 4339 1293 4415 igno-

542 4437 668 4502 ranter,
699 4430 872 4506 contigerit
903 4430 1068 4502 attentari,
1102 4431 1230 4494 irritum
1263 4443 1294 4496 et

543 4539 675 4602 prorsus
703 4524 798 4585 inane
820 4539 891 4586 esse
913 4539 947 4584 ac
969 4523 1039 4586 iore
1070 4525 1221 4587 volumus
1250 4535 1294 4588 at-

543 4635 605 4696 que
621 4617 837 4680 decernimus.
862 4616 932 4679 Nou
949 4617 1147 4680 obstantibus
1164 4619 1203 4680 de
1219 4620 1292 4683 iure

542 4711 686 4789 quaesito
702 4726 766 4772 non
783 4710 937 4783 tollendo,
956 4712 995 4772 de
1010 4713 1292 4788 suppressionibus

543 4805 781 4868 committendis
807 4806 842 4868 ad
868 4813 982 4884 partes,
1012 4806 1130 4868 uocatis
1153 4821 1292 4882 quorum

542 4901 697 4970 interest,
721 4899 853 4975 aliisque
880 4900 996 4962 nostris
1024 4907 1055 4962 et
1086 4901 1293 4963 cancellariae

542 4993 732 5071 apostolicae
755 4993 889 5070 regulis,
914 5011 1058 5056 necnon
1085 4994 1292 5057 ecclesiarum

543 5087 638 5149 etiam
654 5086 897 5150 conilrmatione
924 5087 1093 5165 apostolica
1115 5087 1166 5150 voi
1182 5093 1293 5165 quavis

543 5181 694 5242 firmitate
708 5179 766 5241 alia
782 5181 938 5242 roboratis
953 5182 1089 5253 statutis,
1106 5182 1291 5259 privilegiis,

543 5282 576 5338 et
598 5275 746 5346 induitis,
778 5275 922 5351 quamvis
942 5274 1087 5352 speciiica
1117 5285 1149 5338 et
1181 5275 1292 5337 indivi-

543 5369 604 5430 dua
627 5367 791 5428 mentione
814 5367 930 5444 dignis,
948 5367 1163 5445 omnibusque
1184 5375 1216 5430 et
1231 5370 1293 5432 sin·

544 5461 628 5538 gulis
658 5459 838 5538 apostolicis
867 5479 901 5521 ac
923 5463 954 5522 in
978 5462 1197 5540 synodalibus,
1222 5479 1292 5541 pro-

543 5553 1027 5617 33333313333333313333313333
1042 5556 1184 5618 conciliis
1200 5557 1293 5619 editis

545 5648 733 5725 specialibus
755 5649 807 5710 331
831 5649 1036 5725 generalibus
1058 5651 1293 5714 constitutioni-

544 5741 603 5802 bus
634 5751 666 5803 et
692 5742 962 5816 ordinationibus,
993 5743 1109 5819 quibus
1143 5743 1293 5806 omnibus

544 5842 576 5895 et
596 5834 742 5911 singulis,
766 5835 896 5897 iliorum
922 5843 1050 5898 tenores
1075 5837 1293 5914 praesentibus

544 5943 601 6005 pro
625 5928 752 5990 insertis
782 5929 947 6002 babentes,
977 5931 1013 5991 ad
1044 5930 1291 6007 praemissorum

1070 566 1260 612 TRAG'I'ATUS
1282 567 1338 612 SEU
1359 567 1577 612 CONCORDATA

1353 686 1501 748 ellectum
1527 685 1680 748 latissime
1702 703 1736 748 ac
1759 687 1955 764 plenissime,
1987 687 2103 764 specia-

1352 779 1426 842 liter
1448 786 1480 841 et
1510 794 1682 857 expresse,
1717 779 1848 842 scientia
1879 786 1911 842 33
1939 781 2102 857 3333333313

1352 871 1553 950 plenitudiue
1569 872 1688 949 pariter
1704 873 1909 950 derogamus,
1923 873 2103 950 ceterisque

1352 967 1518 1027 contrariis
1540 965 1797 1044 quibuscunque.

1392 1061 1410 1134 ἓ
1431 1059 1480 1121 23.
1499 1057 1656 1120 Volumus
1674 1059 1815 1138 insuper,
1834 1067 1869 1122 ut
1885 1060 2101 1138 praesentium

1353 1153 1520 1214 literarum
1543 1154 1767 1230 transumptis,
1802 1153 1898 1217 etiam
1920 1155 2101 1232 impressis,

1353 1262 1448 1308 manu
1472 1255 1576 1310 tamen
1598 1245 1730 1308 alicuius
1753 1247 1866 1310 notarii
1889 1247 2007 1325 publici
2029 1247 2103 1310 sub·

1352 1339 1476 1418 scriptis
1492 1347 1523 1402 33
1538 1339 1645 1416 sigilio
1661 1355 1815 1417 personae
1838 1341 1869 1402 in
1893 1340 2102 1404 ecclesiastica

1352 1433 1506 1510 dignitate
1522 1433 1712 1496 constitutae
1728 1435 1871 1506 munitis,
1888 1435 2000 1497 eadem
2013 1449 2102 1513 pror-

1350 1543 1404 1589 sus
1431 1527 1508 1589 tides
1534 1527 1654 1604 ubique
1687 1527 1886 1600 adhibeatur,
1918 1543 2000 1606 quae
2029 1529 2103 1606 ipsis

1353 1619 1574 1697 praesentibus
1596 1619 1816 1693 adhiberetur,
1838 1623 1865 1682 si
1887 1620 1993 1683 iurent
2014 1621 2103 1682 eniri·

1353 1712 1435 1774 bitae
1458 1712 1510 1775 vei
1526 1719 1682 1775 ostensae.
1699 1711 1786 1776 Nulli
1802 1729 1882 1791 ergo
1898 1713 2031 1776 omnino
2047 1713 2103 1776 bo·

1354 1807 1477 1868 minum
1502 1807 1594 1870 liceat
1616 1807 1696 1868 banc
1718 1807 1864 1883 paginam
1888 1815 2015 1870 nostrae
2030 1823 2103 1885 sup-

1353 1900 1537 1977 pressionis,
1563 1901 1779 1972 extinctionis,
1797 1899 2036 1972 annullationis,
2053 1915 2103 1964 re-

1353 1994 1571 2066 ordinationis,
1596 1994 1778 2064 erectionis,
1797 1994 2102 2067 dismembrationis,

1352 2088 1490 2160 unionis,
1514 2087 1763 2166 aggregationis,
1781 2088 2009 2166 applicationis,
2028 2105 2105 2152 cou-

1351 2181 1515 2253 cessionis,
1540 2182 1667 2252 induiti,
1692 2182 2010 2259 circumscriptionis,
2028 2181 2103 2244 assi-

1352 2276 1522 2350 gnationis,
1546 2276 1774 2348 attributionis,
1798 2276 1918 2347 statuti,
1953 2276 2102 2338 commis-

1351 2367 1461 2438 sionis,
1485 2369 1711 2446 deputationis,
1728 2371 1878 2441 mandati,
1896 2369 2030 2441 decreti,
2048 2370 2104 2432 de·

1352 2462 1539 2538 rogationis,
1562 2470 1596 2523 et
1617 2463 1790 2524 voluntatis
1819 2463 2019 2540 intringere,
2050 2464 2103 2527 331

1351 2555 1379 2617 33
1403 2571 1480 2618 3333
1504 2556 1677 2618 temerario
1699 2557 1874 2618 contraire:
1899 2558 1925 2618 si
1947 2557 2019 2634 quis
2048 2574 2103 2618 au-

1347 2655 1416 2721 tem
1433 2649 1492 2710 boc
1508 2658 1665 2714 attentare
1684 2650 1944 2727 praesumpserit,
1958 2651 2105 2728 indigna·

1352 2745 1472 2804 tionem
1507 2741 1742 2820 omnipotentis
1775 2741 1831 2804 liei
1861 2759 1896 2803 ao
1930 2742 2100 2806 Beatorum

1351 2835 1435 2898 Petri
1458 2845 1490 2900 et
1512 2836 1598 2898 Pauli
1614 2836 1842 2915 Apostolorum
1866 2836 1934 2899 eius
1954 2853 1988 2900 se
2004 2853 2104 2901 3333-

1351 2929 1393 2991 333
1414 2930 1634 2992 incursurum.

1390 3023 1502 3086 Datum
1529 3023 1658 3094 iiomae,
1682 3024 1763 3100 apud
1797 3022 1942 3088 Sanctam
1972 3025 2101 3092 liariam

1351 3117 1514 3190 Maiorem,
1545 3133 1628 3178 anno
1658 3117 1885 3180 incarnationis
1918 3120 2103 3184 bominicae

1351 3211 1524 3272 millesimo
1548 3209 1818 3288 octingentesimo
1848 3211 2008 3289 vigesimo
2040 3215 2104 3292 pri-

1352 3321 1416 3374 mo,
1434 3305 1712 3382 decimoseptimo
1729 3303 1879 3366 kalendas
1894 3307 2101 3384 septembris,

1351 3399 1551 3477 pontificatus
1565 3397 1665 3460 nostri
1678 3413 1761 3461 auno
1777 3398 1934 3475 vigesimo
1946 3402 2101 3464 secundo.

1603 3613 1856 3622 m

1701 3775 1750 3837 iil.

1476 3963 1645 4026 Consentio
1668 3963 1753 4024 inter
1777 3962 1907 4025 Leonem
1926 3961 1987 4024 iiii

1398 4065 1428 4119 ct
1451 4056 1621 4136 Georgium
1647 4055 1809 4210 131ἔὲ3433
1832 4054 2053 4120 1133333333.

1568 4334 1645 4401 1.Εο
1670 4331 1888 4402 Episcopus

1536 4501 1644 4550 333333
1670 4501 1825 4550 33333333
1850 4482 1917 4558 liei,

1472 4620 1508 4686 ad
1531 4625 1704 4702 perpetuen
1733 4619 1777 4684 rei
1801 4620 1981 4685 memoriam.

1391 4811 1460 4886 §i
1491 4795 1636 4885 impensa
1668 4807 1885 4870 Romanorum
1914 4809 2104 4872 Pontificum

1351 4901 1545 4972 sollicitudo,
1578 4917 1638 4978 qna
1664 4902 1696 4962 in
1729 4901 1899 4964 universae
1931 4902 2105 4966 catholicae

1351 4997 1510 5058 Ecclesiae
1534 4995 1654 5058 bouum
1676 4993 1862 5071 advigilent,
1886 4997 1923 5057 ad
1940 5012 1975 5056 ea
1992 5012 2104 5074 procu·

1352 5090 1449 5152 33333
1471 5089 1555 5166 33333
1577 5087 1753 5165 compellit,
1778 5089 1894 5164 quibus
1916 5090 2019 5152 fidelis
2049 5106 2104 5168 po·

1353 5184 1419 5262 puli
1440 5181 1658 5244 commoditati
1673 5181 1870 5254 consulatur,
1888 5192 1919 5244 et
1941 5199 1999 5262 pro
2018 5183 2104 5247 ioco-

1353 5292 1422 5337 rum
1447 5293 1481 5338 ac
1504 5283 1688 5352 temporum
1712 5273 1835 5336 ratione
1863 5273 1985 5338 facilius
2007 5276 2043 5338 ad
2066 5293 2104 5338 ea

1352 5369 1567 5447 pertrabatur,
1585 5384 1666 5444 quae
1681 5367 1745 5429 sint
1759 5368 1859 5430 divini
1874 5369 1990 5440 cultus,
2008 5384 2104 5447 quae·

1352 5479 1415 5540 que
1438 5464 1474 5524 ad
1498 5469 1660 5525 aeternam
1683 5461 1861 5524 animarum
1885 5461 2022 5526 salutem
2052 5479 2105 5524 va-

1353 5556 1438 5619 leant
1453 5557 1644 5618 conducere.
1669 5555 1749 5618 Hinc
1764 5555 1897 5618 assiduis
1913 5557 1971 5633 ipsi
1987 5557 2102 5621 studiis

1351 5652 1384 5712 in
1407 5652 1436 5712 id
1459 5666 1587 5727 semper
1609 5650 1731 5710 connisi
1753 5657 1843 5721 sunt,
1874 5657 1910 5711 ut
1941 5651 2103 5714 dominico

1352 5743 1444 5820 gregi
1478 5758 1642 5819 uunquam
1675 5744 1825 5805 deessent
1854 5743 2016 5814 Pastores,
2048 5745 2104 5820 qui

1351 5852 1426 5897 eum
1449 5837 1480 5896 in
1504 5836 1650 5897 salutaria
1684 5851 1795 5912 pascua
1827 5835 2033 5906 deducerent,
2068 5844 2102 5900 et

1350 5929 1543 5996 iniustitiae
1564 5929 1685 5990 semitis
1709 5929 1899 5992 retinerent.
