4836 7002
890 589 1089 636 uunubtcrtts
1110 591 1160 636 1³1².
1184 591 1250 636 xlv.

291 702 426 775 luimus,
449 704 555 782 ipsum
578 705 710 770 Paulum
732 705 901 771 Norinium
929 707 960 770 in
983 724 1039 770 no·

292 812 366 858 vum
390 797 551 860 Vicarium
574 798 805 877 Apostolicum,
823 817 887 862 uon
902 801 1039 878 amplius

290 891 382 967 regui
406 890 557 968 Peguani,
581 893 635 954 sed
659 894 751 970 regni
776 892 873 966 Arae,
898 896 983 972 quod
1005 895 1038 958 in

291 992 342 1046 tua
364 983 501 1047 dioecesi
524 1001 588 1048 non
614 987 916 1064 comprehenditur,
940 989 1039 1066 depu-

291 1084 367 1149 tare,
388 1077 558 1156 episcopali
580 1079 675 1142 etiam
703 1079 856 1156 dignitate
878 1087 911 1144 et
931 1082 1038 1144 chara·

289 1177 376 1232 ctere
398 1187 432 1232 ac
456 1171 549 1234 titulo
571 1171 719 1250 Episcopi
740 1170 880 1236 Oriensis
906 1174 1039 1252 insigni-

291 1271 358 1326 tum
381 1272 414 1326 et
435 1265 636 1328 lacultatibus
661 1267 847 1328 necessariis
870 1277 902 1330 et
925 1284 1037 1347 oppor-

291 1359 376 1420 tunis
398 1359 584 1422 auctoritate
607 1366 716 1422 nostra
730 1360 900 1438 apostolica
915 1361 961 1424 illi
978 1369 1038 1424 tra-

289 1453 361 1515 ditis
376 1453 522 1525 ditatum,
536 1459 568 1515 et
580 1461 718 1530 quatuor
729 1454 806 1518 alios
819 1455 1037 1520 missionarios

288 1548 320 1608 in
343 1546 468 1608 labores
496 1561 713 1624 curarumque
735 1565 866 1611 suarum
889 1549 1036 1614 levamen

288 1657 323 1702 ac
343 1640 523 1704 subsidium
547 1640 688 1704 mittere.

328 1733 397 1808 §tt
419 1731 574 1806 Quoniam
597 1742 704 1796 autem
726 1751 784 1796 nos
806 1752 870 1798 non
892 1735 983 1810 latet,
1000 1737 1038 1800 ab

288 1829 403 1890 eodem
415 1842 489 1889 ven.
500 1826 599 1889 lratre
611 1827 718 1900 Paulo,
733 1828 888 1907 Episcopo
900 1828 1035 1903 Oriensi,

289 1920 386 1982 luisse
415 1921 614 1983 commodam
648 1920 813 1984 ecclesiam
846 1923 879 1984 in
911 1923 1038 1988 civitate

289 2003 379 2092 Syria
414 2014 609 2076 aedificatam
638 2023 670 2077 et
705 2015 910 2088 instructam,
944 2019 1038 2082 aedes

287 2121 418 2183 quoque
441 2105 517 2168 inibi
539 2107 700 2179 excitatas,
724 2107 913 2184 inquibus,
937 2111 1038 2174 veluti

288 2214 387 2278 parvo
408 2199 591 2271 seminario,
606 2200 662 2262 lllii
685 2200 856 2278 gentilium
872 2204 911 2265 de
927 2220 1038 2281 paren·

289 2299 358 2354 tum
380 2308 515 2354 suorum
537 2309 695 2356 consensu
718 2293 750 2354 in
773 2295 936 2358 catholicis
951 2297 1037 2358 rudi-

290 2384 407 2446 mentis
421 2385 668 2462 christianisque
684 2387 828 2450 moribus
840 2387 1038 2452 instrueren-

289 2486 354 2550 tur,
373 2485 410 2540 ut
431 2479 527 2550 hisce,
544 2479 646 2556 quoad
669 2479 739 2542 11111
762 2482 890 2558 poterit,
908 2483 1036 2554 eruditi,

286 2587 363 2634 snos
385 2571 529 2634 eiusdem
552 2573 688 2634 nationis
721 2573 868 2638 homiues
889 2577 1039 2654 deinceps

289 2664 357 2742 pari
378 2664 501 2726 ratione
522 2664 694 2728 instituere
716 2675 863 2744 possent3
888 2669 974 2732 hisce
989 2671 1039 2734 iti·

289 2759 363 2820 dem
376 2758 507 2821 aedibus
518 2758 592 2822 alias
604 2776 669 2822 non
682 2760 854 2824 dissimiles
867 2765 971 2828 erexit
980 2765 1036 2845 (l),

290 2860 452 2929 tamquam
480 2854 757 2916 conservatorium
788 2870 845 2932 pro
867 2856 1038 2922 christiana

288 2961 419 3024 quoque
441 2945 642 3010 institutione
664 2955 696 3010 11
717 2949 904 3013 educatione
919 2952 1038 3030 puella-

287 3055 374 3112 rum,
398 3041 588 3102 eorumdem
612 3042 783 3118 gentilium
806 3044 956 3118 tiliarum,
978 3049 1038 3111 sub

287 3150 363 3196 cura
384 3133 591 3210 custodiaque
620 3135 783 3197 cuiusdam
807 3136 967 3202 loeminae
988 3158 1038 3204 ae·

289 3233 352 3288 tate
379 3226 503 3302 gravis,
535 3241 663 3288 morum
692 3227 875 3306 integritate
902 3231 1038 3310 insignis

289 3319 543 3397 prudentiaeque
565 3321 658 3384 laude
681 3323 938 3387 commendatae:
964 3341 1038 3403 qua·

288 3429 362 3474 rum
377 3429 453 3476 sane
466 3429 575 3476 rerum
589 3413 672 3476 bene
685 3422 849 3491 gestarum
862 3435 965 3491 causa,
978 3422 1038 3484 etsi

287 3509 394 3586 ipsum
410 3507 542 3570 Paulum
556 3507 748 3586 Episcopum
760 3507 928 3576 Oriensem
945 3517 1037 3592 regni

288 3601 375 3664 brae
390 3601 609 3680 Apostolicum
622 3601 783 3666 vicarium
799 3604 1035 3682 deputavimus,

287 3693 441 3756 nolumus
464 3701 570 3756 tamen
594 3693 809 3756 missionarios
829 3697 1036 3763 1111111111-

287 3788 391 3850 stituti
414 3804 430 3848 1
448 3787 576 3850 civitate
592 3785 681 3866 Syria
698 3787 874 3862 discedere,
892 3792 1037 3868 quinimo

288 3882 362 3961 ipsis
392 3881 594 3953 mandamus,
624 3889 661 3944 ut
687 3881 765 3944 inibi
796 3893 1036 3962 permanentes,

288 3975 400 4038 eadem
423 3975 540 4046 omnia,
564 3991 645 4054 quae
661 3977 867 4054 peragebant,
886 3995 1036 4054 munera,

289 4068 402 4130 maiori
423 4084 495 4131 cum
520 4084 595 4130 cura
617 4084 770 4131 exercere
794 4080 978 4148 pergant...

328 4161 404 4237 §th
435 4161 498 4224 liae
531 4177 670 4238 namque
699 4170 775 4224 sunt
804 4167 949 4227 muneris
980 4166 1038 4229 tra-

289 4255 431 4318 ternitati
459 4262 532 4318 tuae
560 4255 702 4334 impositi
724 4265 847 4334 partes,
871 4273 948 4336 quas
970 4262 1039 4337 qui-

288 4351 360 4413 dem
397 4365 471 4413 cum
504 4349 680 4428 adimplere
712 4351 896 4424 studueris,
929 4353 1037 4418 laetari

288 4444 405 4518 debes;
428 4459 499 4505 cum
523 4459 602 4505 vero
631 4443 835 4520 neglexeris,
860 4446 971 4509 dolere
994 4457 1038 4512 te-

289 4537 387 4600 neris.
423 4536 512 4610 Quod
545 4544 713 4616 propterea
749 4537 927 4616 Apostolica
962 4542 1039 4606 haec

289 4631 401 4694 Sancta
423 4629 523 4694 Sedes
552 4630 714 4694 delectum
743 4632 1039 4713 negligentiamque

291 4733 352 4788 tam
382 4726 666 4804 praedecessorum
697 4732 825 4788 tuorum
856 4741 952 4804 quam
979 4729 1038 4792 lra-

290 4819 449 4882 ternitatis
471 4827 555 4892 tuae,
574 4835 632 4898 pro
653 4836 804 4898 suprema
826 4837 882 4884 sua
904 4825 1039 4886 auctori-

291 4921 353 4977 tate
383 4921 416 4976 et
443 4914 644 4992 providentia
670 4915 821 4993 supplere
853 4918 1037 4992 quaesierit,

290 5008 500 5071 exultandum
515 5008 619 5086 potius
636 5007 691 5070 tibi
707 5015 766 5080 est,
781 5015 813 5071 et
828 5011 932 5073 debita
944 5027 1037 5087 agen·

290 5103 403 5165 darum
426 5102 599 5179 gratiarum
630 5102 729 5164 officia
756 5103 860 5166 eidem
883 5103 1039 5184 Apostoli-

290 5213 344 5259 cae
367 5195 440 5260 Sedi
463 5195 686 5274 persolvenda,
704 5211 799 5272 quam
822 5199 1037 5274 querendum,

290 5291 379 5367 quasi
411 5290 588 5352 iurisdictio
622 5289 768 5368 Episcopi
801 5291 1039 5370 bleliapnrensis

291 5383 500 5446 imminuatur
516 5399 573 5462 per
589 5383 754 5461 providam
771 5383 968 5462 Apostolicae
986 5385 1040 5449 Se-

291 5480 340 5541 dis
361 5479 608 5554 rationemque
629 5493 704 5538 sane
720 5483 753 5539 et
769 5477 915 5557 Episcopi
933 5479 1039 5542 Melio-

292 5572 438 5650 porensis
468 5571 644 5634 defectibus
674 5587 738 5633 non
768 5573 856 5650 parvi
882 5575 1040 5636 momenti

291 5665 488 5744 suppleatur,
502 5673 538 5726 ut
549 5665 656 5743 aliquo
669 5672 758 5744 pacto
771 5683 835 5728 non
847 5665 927 5728 levis
939 5667 1040 5744 ipsius

293 5760 414 5823 incuria
436 5767 624 5834 excusetur,
648 5767 681 5822 11
702 5775 763 5836 qua
792 5759 971 5822 animarum
995 5777 1041 5824 sa·

1096 707 1154 770 luti
1178 709 1388 786 prospiciatur
1402 715 1497 788 atque
1512 710 1643 772 insimul
1659 709 1758 774 facilis
1773 727 1844 788 ape-

1096 802 1196 864 riatur
1225 803 1327 865 aditus
1354 803 1438 865 111111
1467 819 1704 882 prosperaeque
1733 821 1844 882 propa·

1096 895 1215 972 gationi
1244 896 1416 960 catholicae
1438 897 1513 962 fidei
1535 897 1572 959 iis
1600 897 1633 959 in
1655 897 1845 974 regionibus

1096 989 1136 1051 ob
1151 989 1364 1052 deficientiam
1387 993 1609 1069 operariorum
1629 991 1761 1053 omnino
1776 991 1845 1054 1111

1094 1081 1235 1146 incultis.
1252 1082 1320 1160 ipsa
1335 1097 1414 1145 vero
1430 1084 1540 1148 missio
1555 1085 1592 1147 ad
1611 1085 1735 1146 unicam
1753 1085 1844 1148 dum·

1096 1185 1179 1239 taxat
1210 1177 1372 1240 civitatem
1405 1176 1548 1258 Syriam,
1570 1177 1603 1242 in
1630 1193 1691 1256 qua
1716 1177 1844 1241 lundata

1095 1271 1269 1348 reperitur,
1293 1271 1459 1348 dirigitur,
1484 1287 1549 1334 non
1571 1272 1608 1334 ad
1630 1270 1729 1334 totius
1751 1273 1845 1348 regni

1095 1363 1236 1441 Peguani
1267 1363 1444 1436 ambitum,
1479 1364 1511 1426 in
1544 1379 1609 1442 quo
1637 1363 1775 1442 operarii
1799 1364 1845 1426 tui

1094 1475 1170 1521 suos
1191 1459 1316 1522 labores
1340 1459 1476 1537 probare
1492 1465 1637 1537 possunt,
1656 1475 1715 1521 nec
1731 1459 1789 1522 1111
1804 1459 1844 1522 de

1095 1568 1202 1624 causa,
1227 1567 1322 1630 quam
1345 1553 1432 1629 quod
1453 1569 1493 1615 ex
1514 1552 1609 1614 unico
1633 1559 1727 1630 portu
1750 1559 1782 1615 et
1803 1553 1845 1614 ci-

1094 1644 1193 1706 vitate
1216 1643 1306 1724 Syria
1328 1645 1365 1708 ad
1387 1661 1526 1722 regnum
1542 1643 1629 1708 brae
1644 1652 1730 1724 patet
1743 1652 1848 1708 trans.

1094 1739 1169 1800 itus.
1194 1738 1293 1800 Porro
1316 1737 1382 1811 tibi,
1400 1738 1596 1802 venerabilis
1618 1738 1727 1812 111111,
1744 1739 1844 1800 anim·

1095 1832 1329 1893 advertendum
1352 1847 1423 1893 esse
1450 1838 1578 1910 oportet
1598 1839 1694 1909 atque
1715 1848 1844 1910 persua-

1096 1926 1248 1996 dendum,
1273 1926 1368 1987 etiam
1392 1941 1538 1987 noanon
1564 1925 1635 1987 sine
1657 1925 1845 2002 gravissima

1085 2019 1218 2080 ,animae
1234 2025 1362 2081 nostrae
1378 2034 1460 2082 noxa
1472 2035 1566 2097 posse
1578 2019 1721 2096 querelis
1732 2019 1845 2084 irater·

1096 2112 1201 2174 uitatis
1225 2119 1296 2176 tuae
1317 2113 1521 2190 acquiescere
1536 2121 1631 2190 atque
1648 2129 1775 2176 morem
1791 2130 1845 2192 ge-

1095 2221 1181 2276 rere,
1205 2205 1463 2282 derelinquendo
1481 2207 1513 2268 in
1529 2206 1594 2276 illa,
1612 2221 1673 2283 qua
1689 2206 1843 2280 iacebant,

1096 2299 1284 2378 deplorabili
1312 2298 1497 2362 conditione
1526 2305 1574 2362 tot
1598 2301 1735 2372 animas,
1760 2317 1845 2364 nunc

1095 2393 1302 2470 praesertim,
1332 2408 1406 2454 cnm
1435 2392 1693 2470 quamplurimae
1715 2392 1844 2456 illarum

1096 2492 1159 2548 tam
1182 2485 1264 2548 bene
1282 2485 1367 2546 viam
1384 2485 1609 2548 mandatorum
1625 2485 1681 2548 Dei
1696 2493 1728 2548 et
1743 2493 1845 2549 aeter·

1096 2595 1154 2640 nae
1174 2578 1284 2640 salutis
1298 2579 1447 2640 semitam
1462 2595 1594 2641 currere
1609 2579 1842 2644 didicerunt...

1134 2677 1152 2748 ἓ
1174 2673 1203 2734 7.
1221 2672 1284 2734 lam
1304 2673 1531 2736 christifideles
1547 2673 1676 2736 illarum
1692 2677 1843 2752 partium,

1096 2774 1160 2829 tam
1177 2767 1349 2844 indigenae
1368 2781 1463 2844 quarn
1479 2766 1620 2829 advenae
1635 2773 1668 2830 et
1681 2767 1843 2845 inquilini,

1094 2859 1248 2924 fruuntur
1274 2861 1307 2921 in
1335 2860 1463 2922 civitate
1491 2859 1581 2938 Syria
1609 2859 1844 2930 aedificataec·

1095 2953 1200 3026 clesia,
1225 2969 1284 3016 nec
1305 2959 1438 3030 angusta
1463 2969 1521 3015 nec
1543 2953 1704 3026 indecora,
1727 2953 1761 3016 in
1784 2969 1845 3031 qua

1094 3047 1324 3110 convenientes
1355 3062 1428 3108 suas
1450 3045 1664 3124 omnipotenti
1686 3046 1752 3108 Deo
1774 3046 1845 3110 iun·

1095 3140 1175 3202 dunt
1197 3155 1307 3218 preces
1330 3139 1643 3216 obsecrationesque,
1661 3140 1693 3202 iu
1715 3155 1777 3216 qna
1798 3157 1844 3202 sa-

1094 3233 1155 3296 cris
1178 3233 1351 3304 intersunt,
1374 3233 1407 3294 in
1429 3247 1491 3310 qua
1511 3231 1545 3293 in
1567 3232 1639 3309 lege
1661 3232 1845 3310 evangelica

1094 3326 1307 3398 erudiuntur,
1330 3327 1446 3404 inqua
1474 3325 1656 3388 catechismi
1680 3333 1845 3404 praecepta

1095 3419 1153 3482 sibi
1166 3419 1319 3497 explicata
1332 3417 1703 3496 excipiunt...hdipsius
1715 3433 1845 3496 quoque

1095 3513 1247 3576 ecclesiae
1274 3511 1528 3574 aedificationem
1551 3527 1615 3574 non
1638 3527 1767 3590 parram
1790 3529 1846 3591 pe-

1093 3607 1206 3670 cuniae
1218 3621 1377 3668 summam
1387 3605 1584 3668 contulit-vir
1595 3607 1724 3684 quidam
1738 3606 1845 3684 gravis

1095 3707 1127 3762 et
1138 3699 1227 3762 dives
1242 3699 1379 3764 nationis
1395 3698 1565 3770 hrmenae,
1580 3715 1678 3776 quem
1693 3716 1844 3763 unacum

1094 3809 1150 3855 sua
1166 3795 1315 3870 coniuge,
1328 3793 1411 3855 sicut
1424 3793 1615 3871 accepimus,
1629 3793 1669 3856 de
1684 3795 1846 3872 praesenti

1095 3887 1254 3950 haeresim
1275 3885 1419 3959 insimul,
1436 3901 1499 3964 qua
1519 3885 1657 3949 inlectus
1679 3893 1757 3960 erat,
1779 3889 1845 3950 eiu·

1095 3996 1181 4044 rasse
1205 3980 1296 4042 nobis
1318 3978 1408 4043 111111
1434 3979 1675 4058 persuademus,
1699 3981 1845 4058 quinimo

1095 4073 1164 4136 1111
1185 4075 1219 4135 11
1240 4073 1376 4135 Domino
1398 4073 1488 4134 nobis
1518 4072 1727 4151 pollicemur,
1750 4081 1787 4136 nt
1807 4077 1843 4138 ad

1096 4175 1158 4230 tarn
1182 4166 1383 4229 luculentum
1406 4167 1551 4230 eiusdem
1574 4166 1635 4228 viri
1657 4168 1845 4246 exemplum

1096 4267 1128 4324 et
1148 4261 1392 4322 incitamentum
1407 4259 1460 4322 alii
1475 4275 1604 4338 quoque
1618 4260 1754 4323 nationis
1764 4277 1846 4326 1111

1095 4353 1254 4424 homines,
1278 4353 1361 4430 apud
1383 4368 1463 4430 quos
1485 4360 1517 4415 et
1538 4353 1725 4416 auctoritate
1747 4355 1846 4416 11111-

1095 4463 1212 4510 norum
1235 4447 1323 4524 copia
1347 4447 1624 4526 11111111111111,
1647 4448 1753 4526 ipsum
1776 4448 1846 4510 imi-

1097 4549 1205 4604 tentur
1228 4548 1464 4618 assequantur.
1483 4541 1643 4616 Quaenam
1660 4542 1759 4619 igitur
1775 4559 1845 4621 per-

1097 4636 1205 4707 nicies,
1223 4650 1379 4712 quaenam
1396 4635 1541 4708 offensio,
1555 4651 1620 4697 nou
1637 4635 1743 4698 solum
1763 4637 1845 4714 apud

1096 4744 1197 4792 noros
1212 4728 1277 4790 illic
1296 4728 1497 4800 christianos,
1514 4728 1742 4790 verumetiam
1761 4730 1842 4808 apud

1097 4822 1232 4901 gentiles
1254 4821 1319 4884 illic
1339 4822 1582 4899 importaretur,
1604 4821 1631 4882 si
1654 4821 1844 4884 missionem

1096 4917 1195 4988 illam,
1218 4917 1338 4978 sensim
1361 4915 1446 4989 licet,
1471 4915 1633 4978 removeri
1649 4932 1682 4978 ac
1699 4915 1846 4994 dissipari

1095 5011 1195 5092 (qued
1208 5028 1224 5071 a
1236 5009 1327 5072 nobis
1339 5009 1632 5072 misericordiarum
1651 5009 1741 5072 Pater
1754 5009 1841 5088 peni·

1097 5113 1148 5168 tus
1160 5103 1296 5183 avertat)
1318 5119 1375 5182 per
1390 5110 1533 5166 nostram
1549 5103 1693 5180 querelis
1709 5102 1771 5167 tuis
1798 5121 1846 5166 ac-

1097 5197 1336 5276 quiescieutiam
1365 5199 1577 5274 pateremurt
1600 5196 1687 5257 Bono
1714 5196 1844 5258 demum

1096 5291 1203 5354 animo
1225 5298 1266 5362 te,
1301 5289 1493 5352 venerabilis
1522 5289 1640 5362 trater,
1664 5306 1734 5351 esse
1756 5289 1845 5352 iube·

1098 5403 1180 5460 mus,
1204 5402 1238 5447 ac
1260 5386 1427 5448 uobiscum
1449 5384 1556 5463 potius
1578 5383 1764 5446 adlaborare
1785 5382 1845 5444 111-

1097 5482 1281 5544 tornitatem
1301 5487 1386 5542 tuam
1409 5494 1561 5556 rogamus
1584 5484 1616 5540 et
1637 5477 1843 5540 hortamur...

1137 5575 1249 5637 ilatum
1279 5573 1408 5646 Romae,
1432 5573 1516 5652 apud
1545 5571 1576 5634 S.
1601 5571 1728 5633 Mariam
1753 5571 1844 5633 11111-

1097 5685 1178 5741 rem,
1195 5668 1254 5730 sub
1276 5667 1395 5729 annulo
1418 5666 1595 5738 Piscatoris,
1614 5663 1664 5727 die
1684 5679 1774 5726 xxxi.
1792 5665 1845 5726 de-

1096 5762 1234 5824 cembris
1251 5776 1421 5832 uocetur„
1436 5758 1547 5838 pontit.
1564 5758 1666 5822 nostri
1681 5773 1765 5820 anno
1777 5773 1842 5820 xiv.

333 5975 363 6030 (1)
379 5977 477 6021 Forsan
492 5976 632 6032 legendum
647 5979 699 6022 est:
715 5979 833 6030 11111111...
848 5981 990 6022 11111111...
1006 5979 1121 6023 harem.

1769 575 1826 638 179
1883 575 1933 634 Ab.
1948 577 1976 633 C.
1991 577 2059 632 trus
