4814 6992
337 567 389 624 An.
403 569 432 626 C·
447 569 514 625 test
571 570 609 633 74

551 705 610 768 bus
633 707 1145 787 etordinationibusapostolicis,
1169 705 1298 768 ceteris·

551 814 613 875 que
636 801 804 862 contrariis
826 801 1095 880 quibuscumque.

590 893 703 956 ilatum
725 893 854 968 Romae,
887 895 969 972 apud
996 894 1027 957 S.
1052 895 1179 958 blariam
1206 893 1298 954 illaio-

550 1001 631 1058 rem,
646 987 705 1048 sub
720 988 840 1051 annulo
855 987 1032 1061 Piscatoris,
1047 989 1097 1050 die
1113 1005 1200 1049 xxxv.
1217 987 1297 1064 apri-

550 1079 588 1140 lis
610 1096 779 1154 nncxcnr,
796 1082 997 1160 pontificatus
1013 1082 1113 1144 nostri
1128 1097 1212 1144 anno
1227 1097 1296 1142 vni.

807 1285 1045 1294 ——...——-———-—

897 1459 949 1522 tlt.

645 1645 707 1708 Pro
729 1647 894 1710 cntltoliet's
918 1649 1110 1712 Britanniae
1131 1657 1204 1713 oret

600 1744 637 1800 nt
657 1737 861 1802 subleventur
881 1743 917 1804 in
938 1759 1047 1805 serrem
1069 1749 1245 1806 aerumnis.

611 1923 840 1992 venerabilibus
863 1926 1010 1995 iratribus
1034 1928 1237 2009 Patriarobis,

678 2019 924 2104 tretraptseopis
947 2027 979 2088 et
1001 2021 1170 2106 Episcopis,

711 2206 969 2277 innocentius
991 2209 1052 2276 ΡΡ.
1077 2210 1136 2277 llll.

751 2393 949 2463 venerabiles
971 2395 1097 2476 tratres,

584 2485 713 2553 salutem
736 2493 769 2554 et
789 2489 988 2572 apostolicam
1011 2490 1262 2557 benedictionem.

589 2675 657 2750 Quo
678 2677 748 2738 loco
770 2678 870 2754 posita
901 2679 952 2750 sit,
976 2687 1008 2742 et
1029 2695 1123 2757 qnam
1156 2681 1297 2758 graviter

549 2769 660 2832 afflicta
681 2769 910 2832 catholicorum
941 2772 1081 2834 conditio
1111 2773 1142 2836 in
1165 2774 1296 2852 Magnae

549 2863 729 2924 Britanniae
764 2879 885 2940 regno,
923 2864 1139 2928 fraternitates
1173 2873 1296 2929 vestras

548 2955 623 3017 satis
653 2971 816 3034 superque
848 2967 1050 3036 compertum
1081 2959 1198 3022 babere
1231 2977 1295 3023 non

548 3049 751 3122 dubitamus;
780 3049 911 3112 illorum
940 3053 1148 3130 praesertim,
1180 3054 1296 3130 quiex

549 3142 720 3221 llybernia,
738 3143 810 3204 odio
833 3144 1009 3222 religionis,
1032 3145 1167 3223 expulsi,
1184 3147 1295 3210 exules

549 3243 581 3298 et
602 3243 748 3299 extorres
770 3235 889 3314 ubique
911 3252 987 3299 suae
1008 3239 1203 3302 constantiae
1228 3241 1295 3318 qui·

548 3330 634 3402 dem,
658 3330 712 3392 sed
736 3336 769 3392 et
789 3329 973 3392 calamitatis
996 3331 1128 3394 insimul
1154 3336 1296 3396 testimo-

549 3423 599 3484 nia
622 3422 864 3486 circumierunt.
895 3423 976 3496 Quas
1006 3424 1090 3486 enim
1114 3442 1207 3488 aures
1230 3443 1294 3490 non

548 3515 695 3593 implevit
709 3516 904 3578 miserorum
920 3516 1060 3580 clamori
1079 3517 1138 3580 Ubi
1154 3519 1293 3597 primum

548 3609 585 3670 ad
607 3625 665 3670 nos
688 3609 831 3672 luctuosa
853 3607 954 3672 delata
976 3617 1120 3683 texeat,
1145 3618 1295 3690 paternae

548 3701 686 3763 caritatis
718 3707 844 3764 nostrae
876 3702 998 3764 viscera
1031 3706 1228 3780 penetravit,
1264 3714 1296 3769 et

548 3793 835 3857 commiserationis
858 3810 972 3857 sensns
996 3799 1295 3878 commonitusque

547 3891 643 3961 adeo,
676 3895 713 3949 ut
743 3888 855 3951 dolore
886 3889 990 3951 cordis
1016 3906 1073 3951 nos
1102 3891 1295 3957 intrinsecus

549 3981 620 4044 tacti
641 3982 855 4060 ingemiscere
877 3997 1040 4060 nunquam
1057 3984 1291 4049 destiterimus:

547 4077 610 4140 illis
631 4075 749 4140 idcireo
771 4091 832 4153 qua
854 4075 1003 4154 lacrymis
1027 4079 1239 4157 precibusque
1258 4081 1293 4143 ad

548 4170 672 4232 Patrem
696 4169 987 4232 misericordiarum
1016 4170 1141 4244 edusis,
1168 4172 1295 4235 indictis

548 4264 643 4326 etiam
666 4262 1121 4342 publicissupplicationibus,
1146 4280 1207 4342 qua
1228 4267 1295 4330 olii·

547 4357 630 4419 ciosa
651 4356 858 4419 contentione
872 4357 953 4434 apud
970 4355 1142 4436 Principes,
1160 4375 1220 4437 qua
1243 4361 1295 4424 de·

548 4451 645 4527 nique
661 4449 941 4528 eleemosynarum
958 4449 1115 4528 largitate,
1132 4460 1185 4515 aut
1200 4471 1294 4532 opem

548 4543 680 4606 tulimus
712 4551 765 4606 aut
794 4543 1050 4622 imploravimus.
1082 4545 1205 4608 llerum
1236 4565 1294 4611 nec

547 4653 658 4700 eorum
683 4636 875 4708 necessitati,
899 4653 957 4700 nee
972 4638 1081 4716 pietati
1097 4646 1224 4701 nostrae
1246 4657 1294 4704 er-

547 4747 584 4808 ga
606 4731 677 4794 ilios
699 4731 816 4794 laetum
842 4731 916 4793 satis
938 4731 1141 4805 arbitramur,
1166 4735 1227 4795 nisi
1249 4741 1294 4798 et-

546 4825 606 4886 iam
630 4833 775 4886 vestrum
798 4825 941 4886 omnium
959 4825 1081 4886 animos
1097 4826 1291 4904 excitemus;

546 4935 587 4980 ne
608 4918 781 4996 tepiditatis
803 4924 930 4980 nostrae
959 4916 1050 4996 eulpa
1081 4917 1191 4981 terror
1216 4922 1293 4983 cari-

547 5011 618 5074 tatis
639 5018 766 5073 vestrae
798 5017 948 5089 tepescat.
983 5012 1154 5089 Postquam
1186 5014 1293 5092 itaque

545 5102 784 5166 venerabilibus
805 5102 957 5165 iratribus
979 5105 1097 5167 nostris
1126 5103 1157 5168 S.
1188 5107 1224 5170 ll.
1255 5107 1291 5168 li.

545 5196 766 5260 cardinalibus
788 5197 977 5259 consistorio
999 5201 1202 5276 congregatis
1223 5215 1293 5262 sua-

545 5307 635 5353 sores
657 5291 729 5351 vira
744 5305 822 5352 voce
843 5289 913 5351 iacti
929 5306 1052 5364 sumus,
1069 5293 1105 5354 ad
1123 5307 1180 5354 vos
1194 5293 1292 5355 rerba

546 5385 777 5455 convertimus,
810 5382 1014 5446 obsecrantes
1038 5385 1071 5446 in
1096 5385 1232 5448 Domino
1259 5403 1294 5450 ae

546 5478 721 5556 plurimum
743 5477 966 5556 admonentes,
989 5486 1025 5539 ut
1047 5477 1147 5541 veluti
1174 5484 1294 5556 patres·

544 5571 678 5632 familias
700 5570 909 5632 amantissimi
931 5571 1090 5660 Ecclesiae
1111 5571 1192 5634 illios
1215 5574 1293 5635 adeo

545 5666 585 5726 de
606 5671 714 5726 nostra
745 5663 905 5741 religione
928 5665 1154 5738 benemeritos,
1179 5673 1226 5728 tot
1246 5666 1293 5726 in-

545 5758 636 5819 iuriis
658 5773 840 5836 oppressos,
864 5765 949 5819 tanta
965 5759 1197 5835 persecutionis
1214 5764 1291 5820 tem-

546 5857 667 5930 pestate
688 5851 822 5928 agitatos
845 5857 877 5913 et
898 5865 980 5928 pene
1001 5851 1198 5924 submersos,
1219 5851 1292 5913 sub·

546 5945 671 6016 levetis,
694 5963 728 6007 ac
750 5945 895 6008 membra
916 5943 1046 6016 Christi,
1071 5945 1131 6006 iam
1155 5945 1238 6008 lame
1261 5951 1293 6008 et

1069 590 1133 635 tull.
1159 588 1250 633 PONT.
1275 587 1314 631 DE
1337 587 1367 632 P.
1391 586 1420 632 Β.
1446 587 1528 632 entis
1550 588 1571 632 1.

1354 707 1517 768 aerumnis
1528 705 1598 768 lere
1614 713 1751 778 mortua,
1765 707 1922 769 revocetis
1937 706 1972 768 ad
1990 705 2099 776 vitam,

1355 816 1390 861 ea
1412 799 1474 861 illis
1502 798 1792 871 subministrando,
1826 814 1907 876 quae
1933 800 1973 862 de
1994 805 2102 860 vestra

1354 892 1530 954 substantia
1563 898 1748 970 supersunt.
1781 891 1992 954 intelicissimi
2026 907 2101 953 sane

1354 992 1462 1047 essent
1482 987 1518 1048 ad
1542 986 1694 1064 probrum
1719 991 1888 1056 nostrum,
1913 985 1939 1046 si
1960 985 2034 1047 ideo
2055 1001 2101 1047 es-

1354 1085 1426 1141 sent
1454 1080 1555 1157 magis
1581 1079 1767 1150 calamitosi,
1802 1079 1885 1156 quod
1915 1078 2037 1141 inerint
2068 1080 2099 1140 in

1355 1172 1417 1234 tide
1433 1173 1548 1236 tuenda
1571 1173 1743 1236 firmiores.
1767 1171 1832 1234 Nec
1853 1172 1883 1234 id
1900 1180 2024 1234 tantum
2048 1187 2100 1250 po·

1354 1265 1449 1328 stulat
1470 1283 1486 1328 a
1507 1266 1598 1327 vobis
1620 1265 1731 1328 caritas
1755 1271 1878 1334 nostra,
1908 1267 1963 1328 sed
1986 1265 2095 1328 eadem

1353 1359 1520 1437 religionis
1541 1359 1708 1438 professio,
1727 1359 1869 1438 ipsarum
1894 1360 2096 1424 miseriarum

1353 1452 1530 1530 eloquium,
1553 1469 1588 1514 ae
1602 1453 1733 1514 demum
1748 1453 1894 1515 sublimis
1909 1454 2009 1516 vestri
2031 1469 2100 1514 mu·

1354 1547 1440 1608 neris
1456 1546 1550 1608 ratio:
1575 1545 1606 1608 in
1622 1555 1764 1608 vestram
1784 1547 1973 1624 dignitatem
1988 1547 2097 1610 oculos

1353 1641 1491 1702 tendunt
1517 1641 1617 1702 ceteri
1643 1639 1790 1702 nomines
1821 1641 1930 1702 eadem
1963 1640 2096 1717 vestigia

1354 1733 1535 1810 sequuturi.
1561 1734 1748 1795 Pudendum
1770 1733 1864 1810 plane
1886 1733 1980 1805 toret,
1997 1749 2031 1794 ae
2048 1733 2099 1794 ab·

1331 1825 1499 1888 ,iectionis
1522 1835 1698 1898 extremae,
1719 1827 1745 1888 si
1764 1827 2017 1889 orthodoxorum
2035 1828 2098 1905 pie·

1354 1929 1399 1982 tas
1412 1929 1497 1982 esset
1511 1921 1661 1998 exemplo
1677 1919 1912 1982 baereticorum
1924 1922 2096 1994 invitanda,

1354 2032 1388 2077 ae
1409 2013 1540 2076 forsitan
1563 2015 1658 2076 etiam
1681 2021 1900 2092 superaretur.
1925 2015 1998 2078 lllos
2013 2017 2098 2078 audi-

1354 2109 1471 2180 vimus,
1495 2123 1553 2186 pro
1575 2109 1651 2181 suis,
1676 2109 1730 2186 qui
1752 2109 1892 2186 epatriis
1909 2109 2025 2172 linibus
2047 2125 2097 2172 ra-

2140 573 2190 630 de.
2204 573 2233 630 C.
2248 569 2327 630 l699

1355 2208 1481 2279 gantur,
1498 2201 1666 2279 pecuniam
1681 2201 1847 2279 colligere.
1871 2201 2034 2281 Numquid
2050 2221 2098 2266 er·
2189 2277 2192 2283 Ι

1356 2311 1396 2372 gc
1419 2296 1504 2357 inter
1536 2295 1618 2357 tilios
1649 2295 1854 2358 tenebrarum
1877 2297 1944 2359 sola
1969 2297 2098 2360 virtutis

1353 2389 1475 2466 species
1497 2389 1598 2466 magis
1619 2388 1795 2460 elucescet,
1827 2405 1921 2468 quam
1944 2391 2043 2453 solida
2065 2409 2098 2454 ac

1353 2498 1429 2546 sera
1441 2483 1544 2544 virtus
1556 2482 1786 2545 beneticentiae
1801 2483 1886 2545 inter
1902 2483 1983 2546 tilios
2000 2484 2099 2548 incisi

1353 2577 1445 2640 Absit
1465 2595 1480 2638 a
1502 2577 1593 2639 vobis
1617 2577 1676 2639 hoc
1698 2577 1853 2649 dedecus,
1877 2585 1914 2639 nt
1935 2594 1974 2640 ex
2000 2595 2099 2642 mam-

1354 2687 1448 2740 nrcna
1480 2670 1654 2747 iniquitatis
1682 2669 1843 2748 profusior
1864 2671 1905 2732 sit
1926 2671 2099 2736 baeretico-

1354 2781 1424 2828 rum
1443 2781 1565 2834 manus,
1590 2779 1683 2840 quam
1707 2781 1746 2826 ex
1768 2765 1884 2828 Christi
1908 2768 2099 2844 patrimonio

1352 2857 1525 2920 liberalitas
1541 2855 1782 2928 catholicorum,
1797 2857 1913 2934 quibus
1929 2857 2037 2920 datum
2053 2865 2100 2920 est

1353 2952 1570 3014 thesaurizare
1592 2949 1758 3012 thesauros
1779 2965 1844 3012 non
1866 2951 2051 3014 deficientes
2066 2953 2098 3014 in

1351 3045 1461 3110 coelis.
1489 3045 1552 3108 Nos
1580 3045 1749 3122 equidem,
1779 3052 1935 3122 quantum
1955 3062 2019 3125 per
2041 3048 2099 3108 im-

1352 3141 1490 3202 minutas
1514 3146 1560 3201 tot
1581 3138 1735 3200 oneribus
1756 3139 1869 3201 aerarii
1892 3139 1977 3203 vires
1996 3141 2096 3211 licuit,

1351 3249 1454 3312 usque
1476 3235 1508 3295 in
1531 3240 1733 3311 praesentem
1756 3233 1841 3294 diem
1857 3234 1990 3296 exulum
2010 3250 2098 3312 prae-

1352 3329 1508 3390 dictorum
1540 3343 1664 3389 causam
1695 3327 1820 3404 egimus
1853 3343 1951 3406 opere
1981 3337 2012 3391 et
2033 3345 2099 3391 ser-

1352 3407 1459 3494 mone',
1493 3437 1553 3482 nec
1580 3427 1714 3481 strenue
1740 3435 1836 3496 agere
1869 3420 1900 3482 in
1933 3430 2096 3500 posterum

1352 3517 1547 3579 desinemus.
1565 3511 1702 3575 decebat
1716 3528 1792 3574 sane
1807 3513 2030 3578 sollicitudinis
2043 3533 2097 3579 no·

1351 3617 1434 3672 strae
1457 3607 1642 3685 exemplum
1665 3607 1868 3684 praecedere:
1893 3609 1972 3673 iilud
1994 3619 2098 3674 saneta

1351 3702 1565 3766 aemulatione
1598 3699 1689 3762 decet
1714 3699 1810 3761 etiam
1843 3702 1933 3764 vobis
1968 3704 2097 3766 imitari.

1352 3795 1567 3858 aemulamini
1588 3793 1711 3870 itaque,
1736 3793 1937 3857 venerabiies
1969 3795 2096 3870 iratres,

1352 3906 1431 3969 opus
1464 3887 1658 3968 perlectum,
1692 3903 1728 3949 ea
1759 3903 1815 3966 spe
1845 3888 1932 3961 ireti,
1960 3893 2044 3968 quod
2072 3893 2097 3953 si

1351 3985 1462 4047 beatus
1492 3989 1556 4053 est,
1587 3982 1642 4060 qui
1664 3980 1817 4059 intelligit
1839 3999 1936 4062 super
1958 4001 2098 4062 egenum

1352 4086 1384 4140 et
1405 4091 1598 4156 pauperem,
1622 4083 1741 4152 quanto
1765 4077 1866 4154 magis
1888 4078 2017 4150 beatus,
2045 4081 2098 4156 qui

1352 4172 1542 4234 misereatur
1563 4169 1706 4239 illorum,
1730 4184 1810 4246 quos
1839 4185 1994 4248 pauperes
2016 4172 2097 4236 iece-

1351 4267 1393 4328 rit
1413 4281 1503 4327 amor
1518 4263 1695 4340 religionis,
1712 4262 1802 4324 cuius
1823 4264 1965 4325 studium
1982 4265 2014 4327 in
2030 4283 2097 4328 eor·

1352 4361 1444 4422 dibus
1459 4358 1576 4420 vestris
1592 4357 1704 4433 augeri
1720 4357 1940 4419 desideramus
1956 4375 2013 4437 per
2027 4375 2099 4438 apo-

1351 4453 1493 4516 stolicam
1518 4450 1793 4522 benedictionem,
1823 4465 1918 4527 quam
1941 4451 2031 4514 robis
2053 4454 2098 4515 in-

1352 4548 1464 4619 terim,
1499 4543 1700 4606 ve’nerabiles
1731 4542 1861 4614 iratres,
1897 4555 2099 4622 peramanter

1351 4639 1568 4719 impertimur.

1390 4734 1504 4795 ilatum
1530 4731 1659 4800 Romae,
1689 4731 1769 4809 apud
1798 4729 1829 4793 S.
1855 4731 1980 4793 Mariam
2007 4733 2098 4795 llaio·

1350 4843 1431 4898 rem,
1456 4824 1516 4887 snb
1537 4824 1657 4886 annulo
1679 4823 1856 4895 Piscatoris,
1879 4825 1929 4887 die
1953 4843 1993 4886 vr.
2018 4825 2097 4887 iunii

1350 4935 1519 4990 unexcrx,
1544 4917 1745 4996 pontificatus
1768 4917 1869 4978 nostri
1891 4934 1974 4980 anno
1998 4931 2065 4980 vrri.

1608 5171 1846 5180 ..u-u·—

1705 5389 1743 5449 X.

1353 5571 1500 5636 Gondolet
1523 5573 1600 5654 Regi
1623 5574 1817 5637 Britannice
1838 5573 1873 5638 ob
1896 5575 2099 5638 saevissimos

1390 5667 1468 5747 leges
1483 5667 1518 5728 in
1534 5667 1669 5748 Anpline
1684 5665 1965 5736 cernennentes,
1980 5669 2011 5730 ei
2023 5683 2098 5746 qno-

1388 5775 1462 5821 rnm
1483 5760 1530 5821 cel
1552 5761 1686 5822 ecilinrn
1708 5765 1737 5821 et
1751 5761 1913 5822 ieetnrurn
1931 5758 2096 5830 bonorem,

1389 5854 1436 5916 nel
1456 5853 1547 5935 pidem
1570 5855 1716 5916 emittere
1742 5861 1919 5935 coquntur.-
1944 5871 2028 5935 spem
2051 5860 2097 5918 tc-

1390 5961 1461 6008 men
1489 5947 1524 6009 in
1553 5945 1687 6010 Domine
1715 5965 1786 6011 een
1816 5949 1970 6013 collocare
1997 5947 2096 6018 docet,
