4814 6998
513 579 573 645 ato

494 735 551 797 per
565 719 708 784 reditum
729 721 805 782 novi
820 722 984 800 vectigalis
999 722 1159 800 octoginta
1175 737 1244 784 ocn-

494 818 642 877 tuoorum
677 815 709 877 in
741 815 868 894 singula
904 817 1044 894 pondera
1076 814 1115 878 leb
1146 817 1244 878 clrilo-

494 915 709 984 grammatum
725 910 934 972 theobromae
950 908 1091 990 (cocco),
1108 926 1189 988 quae
1205 926 1244 972 ex

494 1001 611 1063 linibus
633 1002 838 1082 Reipublicae
860 1011 1082 1082 exportantur.

439 1161 443 1170 ,
533 1094 603 1158 Art.
626 1095 677 1159 lV.
702 1095 784 1160 llaec
806 1097 927 1160 tributa
948 1098 984 1159 ad
1008 1111 1140 1176 scopum
1157 1113 1245 1175 prae·

494 1189 613 1252 dictum
636 1190 791 1253 destinata
817 1208 882 1253 non
913 1199 1066 1270 poterunt
1086 1209 1103 1252 a
1125 1190 1245 1254 Guber-

493 1284 547 1345 nio
569 1282 701 1356 aboleri,
725 1284 848 1347 nisiex
871 1285 1020 1348 continua
1046 1285 1246 1363 experientia

493 1377 738 1454 quinquenniali
757 1379 946 1448 constiterit,
963 1379 1155 1456 praedictam
1172 1393 1245 1440 con-

493 1470 704 1532 tributionem
726 1472 921 1550 praedialem
943 1473 1042 1534 trium
1065 1471 1246 1549 insiugula

493 1563 593 1626 millia
616 1565 748 1626 omuino
770 1581 950 1642 exaequare
972 1581 1132 1628 summam
1157 1579 1244 1644 prae-

492 1659 592 1721 visam
615 1673 672 1737 pro
693 1660 860 1738 stipendiis
883 1660 1080 1722 dioecesium
1096 1673 1177 1736 quae
1200 1659 1246 1719 in-

493 1753 613 1816 teriore
634 1753 770 1830 regione
791 1754 1010 1816 continentur.
1035 1751 1090 1816 Sin
1106 1769 1184 1814 vero
1200 1753 1246 1814 in-

494 1855 580 1908 terea
601 1846 803 1909 Gubernium
826 1847 968 1909 voluerit
989 1847 1127 1924 vectigal
1155 1848 1247 1910 abro-

493 1955 569 2017 gare
590 1941 778 2018 impositum
808 1941 1018 2003 theobromae
1040 1939 1182 2019 (cucco),
1205 1941 1247 2002 ei·

492 2049 555 2111 que
577 2031 662 2097 aliud
685 2049 787 2112 aeque
809 2034 1011 2096 tructuosum
1035 2033 1244 2105 substituere,

492 2133 620 2205 oportet
641 2134 678 2190 ut
699 2128 839 2205 primum
870 2127 955 2188 iuter
982 2128 1088 2204 ipsum
1111 2134 1143 2189 et
1165 2125 1247 2204 Apo-

492 2221 636 2285 stolicam
660 2219 775 2283 Sedem
799 2222 856 2284 bac
878 2223 918 2284 de
933 2238 969 2283 re
985 2221 1165 2284 conveniat.
1191 2219 1246 2283 Sin

492 2315 622 2393 posthac
643 2315 912 2392 quandocumque
930 2316 1127 2392 praedictum
1146 2314 1244 2376 tribu·

493 2415 561 2470 tum
595 2409 691 2470 trium
715 2408 747 2470 in
770 2409 896 2486 singula
930 2409 1029 2471 millia
1062 2409 1247 2485 nequiverit

493 2503 604 2580 quavis
619 2503 658 2564 de
673 2519 765 2564 causa
780 2519 940 2565 summam
957 2519 1138 2580 exaequare
1154 2509 1246 2579 quot-

492 2596 583 2658 annis
614 2595 850 2675 percipiendam
885 2615 900 2658 a
933 2596 1133 2659 dioecesibus
1165 2613 1246 2674 quae

492 2690 639 2752 interiori
662 2689 795 2766 regione
824 2691 1048 2763 eontinentur,
1072 2691 1247 2754 reviviscet

492 2782 625 2844 omnino
655 2782 808 2860 obligatio
839 2783 994 2846 Gubernii
1023 2784 1193 2862 supplendi
1215 2801 1246 2845 e-

491 2875 678 2939 ventualem
711 2875 873 2940 delectum
906 2877 1031 2939 duobus
1059 2878 1245 2939 memoratis

494 2971 632 3036 tributis.
656 2969 712 3032 Sin
736 2985 814 3032 vero
837 2971 913 3033 baec
934 2971 1054 3033 sublata
1084 2973 1246 3050 reperian-

492 3071 546 3127 tur
561 3064 613 3126 vel
629 3063 721 3125 firma
735 3069 768 3124 et
782 3064 960 3125 decretoria
976 3067 1100 3126 ratione
1120 3063 1153 3126 in
1168 3064 1245 3127 alios

492 3175 570 3222 usus
592 3173 757 3231 conversa,
775 3159 938 3221 tenebitur
958 3159 1158 3222 Gubernium
1173 3176 1246 3238 sup-

492 3253 594 3332 plere,
618 3253 703 3330 quod
733 3253 850 3325 delicit,
874 3267 931 3331 per
953 3253 1032 3316 alios
1055 3261 1244 3332 proventus,

491 3347 547 3426 qui
569 3347 667 3426 partie
689 3347 861 3424 utriusque
883 3361 1043 3408 consensu
1075 3355 1173 3410 erunt
1194 3349 1247 3410 de-

491 3441 637 3506 liniendi.

530 3535 599 3598 Art.
610 3534 649 3598 V.
663 3533 739 3596 'lam
755 3535 950 3598 contributio
968 3535 1066 3597 trium
1083 3551 1141 3613 pro
1157 3537 1247 3599 mille

491 3646 586 3709 quam
599 3629 862 3709 supplementum
875 3629 1081 3706 singulorum
1099 3645 1246 3692 nummo·

491 3741 565 3786 rum
587 3739 646 3804 pro
670 3723 758 3786 mille
780 3723 932 3801 exigetur
954 3725 1111 3801 cuiusque
1143 3741 1246 3788 seme-

491 3818 565 3879 stris
588 3817 691 3888 initio,
713 3816 767 3878 vel
793 3825 940 3894 tempore
963 3817 1049 3894 quod
1073 3819 1247 3882 delinietur

490 3912 524 3973 in
546 3907 761 3990 peculiaribus
777 3910 899 3988 regulis
915 3911 1077 3974 edicendis
1097 3927 1156 3990 pro
1171 3929 1247 3975 una-

491 4018 617 4082 quaque
633 4001 783 4065 dioecesi.
807 4003 896 4066 Circa
912 4003 1177 4081 supplementum
1195 4022 1247 4068 su·

491 4098 646 4160 mendum
669 4111 709 4160 ex
735 4097 884 4174 vectigali
916 4097 1068 4175 imposito
1100 4107 1245 4177 exporta-

491 4192 568 4254 tioni
584 4191 793 4254 theobromae
806 4189 947 4271 (cccco),
960 4191 1161 4254 Gubernium
1175 4209 1247 4271 pro·

491 4285 590 4348 mittit
610 4301 645 4346 se
674 4285 866 4346 traditurum
893 4285 1050 4360 cuiusque
1084 4284 1247 4348 bimestris

491 4379 582 4441 initio
603 4393 763 4442 summam
786 4378 902 4454 viginti
927 4377 1064 4440 millium
1089 4396 1206 4458 scores.

532 4474 601 4536 llrt.
618 4471 669 4536 vl.
687 4471 849 4534 Dioecesis
860 4471 1126 4550 Guapaquilensis
1139 4480 1171 4535 et
1187 4474 1246 4536 lla-

491 4567 652 4630 nabiensis
674 4565 866 4628 attributum
895 4564 954 4626 sibi
976 4565 1173 4643 stipendium
1197 4583 1246 4630 re-

491 4663 609 4742 cipient
631 4677 671 4724 ox
691 4676 776 4724 novo
798 4659 948 4737 vectigali
964 4659 1116 4738 imposito
1132 4678 1247 4740 expor-

492 4757 603 4820 lationi
624 4754 835 4816 theobromae
857 4751 999 4834 (cccco).
1023 4753 1113 4829 Quod
1135 4756 1160 4816 si
1185 4755 1247 4818 Gu-

491 4850 605 4914 bernio
638 4847 795 4928 placuerit
824 4848 884 4909 boc
916 4848 1073 4924 abrogare
1095 4848 1245 4926 vectigal,

491 4944 656 5009 tenebitur
684 4949 774 5005 antea
805 4941 954 5004 sufficere
984 4941 1147 5004 inlocum
1177 4944 1247 5006 eius

491 5037 764 5104 contributiouem
789 5035 900 5109 aliam,
925 5052 986 5113 qua
1009 5039 1179 5100 commode
1201 5055 1247 5100 sa-

489 5134 587 5196 tisfiat
608 5130 814 5211 praestationi
837 5131 990 5208 pecuniae
1006 5131 1137 5209 u'trique
1160 5133 1246 5195 dioe-

491 5227 553 5290 cesi
576 5225 760 5289 attributae.
787 5223 869 5286 llaec
891 5224 1087 5287 contributio
1110 5226 1246 5304 praediis

489 5319 683 5399 imponenda
706 5317 775 5380 sitis
797 5320 880 5381 intra
902 5333 1015 5380 earum
1037 5319 1132 5391 fines,
1150 5320 1246 5397 pleno

490 5432 524 5477 ac
546 5414 678 5494 proprio
708 5413 780 5474 iure
801 5413 838 5474 ad
862 5412 1034 5474 Ecclesiam
1058 5413 1244 5492 pertinebit,

490 5511 582 5571 firma
604 5509 724 5585 iugiter
756 5514 907 5569 manente
938 5506 1094 5569 Gubernii
1126 5507 1246 5585 obliga·

490 5603 578 5665 tione
600 5601 787 5681 supplendi,
815 5601 900 5678 quod
923 5601 1007 5663 lorte
1029 5599 1185 5670 deluerit,
1209 5617 1245 5662 ea

490 5695 614 5760 ratione
631 5710 712 5774 quae
727 5695 877 5772 superius
892 5695 1068 5771 significata
1081 5703 1129 5756 est
1141 5693 1243 5771 quoad

491 5791 654 5853 dioeceses
675 5789 748 5851 sitas
770 5789 802 5849 in
825 5787 959 5865 regione
982 5788 1141 5849 interiori.

531 5884 599 5946 llrt.
617 5881 681 5945 llll.
700 5881 805 5958 Quum
821 5881 1065 5958 nequatorianls
1081 5881 1244 5959 Episcopis

491 5977 683 6050 constiterit,
707 5976 786 6054 quin
801 5992 873 6038 sese
895 5976 1074 6038 immisceat
1088 5973 1244 6038 Guberuii

1020 601 1211 650 vulcanius
1232 601 1289 648 SEU
1311 601 1526 648 GONGOREATA

1299 721 1481 794 auctoritas,
1506 723 1701 800 praedialem
1726 730 1921 802 proventum
1946 723 2056 786 tributi

1300 814 1398 876 trium
1422 831 1479 892 pro
1502 813 1592 878 mille
1625 816 1782 878 excedere
1812 815 1966 894 pecuniae
1989 817 2055 877 vim

1299 907 1467 986 stipendiis
1490 909 1688 971 dioecesium
1706 910 1903 981 attributam,
1927 909 2056 974 debebit

1301 1001 1513 1064 ecelesiastica
1538 1003 1711 1064 auctoritas
1733 1003 1763 1066 id
1786 1003 1871 1080 quod
1896 1011 2056 1082 superest,

1301 1093 1490 1173 impendere
1521 1095 1617 1158 sacris
1648 1095 1873 1168 missionibus,
1901 1110 2057 1158 novarum

1301 1189 1496 1252 dioecesium
1519 1191 1687 1261 erectioni,
1704 1207 1739 1252 ac
1754 1191 1886 1254 demum
1908 1189 2057 1252 domibus

1301 1281 1533 1346 beneticentiae
1555 1297 1637 1360 quae
1667 1283 1940 1346 modo'Guberuii
1971 1299 2058 1344 sum·

1303 1377 1407 1454 ptibus
1428 1383 1661 1439 sustentantur.

1343 1468 1409 1532 llrt.
1433 1469 1511 1532 vlll.
1538 1469 1740 1533 Guberuium
1766 1471 1799 1533 in
1821 1487 1855 1532 se
1879 1486 1980 1532 unum
2003 1487 2055 1532 su·

1302 1565 1394 1642 scipit
1415 1565 1637 1642 impensarum
1659 1581 1752 1636 onus,
1771 1565 1887 1642 quibus
1911 1580 1990 1642 opus
2007 1575 2056 1628 est

1302 1659 1340 1720 ad
1362 1657 1597 1720 conlectionem
1614 1667 1646 1721 et
1662 1660 1858 1720 revisionem
1876 1658 2055 1722 tabularum

1303 1751 1514 1816 censualium.
1528 1751 1753 1814 coustituetur
1767 1761 1873 1816 tamen
1888 1753 2059 1816 consilium

1302 1847 1339 1908 ad
1361 1847 1462 1909 instar
1485 1846 1553 1908 eius
1569 1847 1654 1922 quod
1677 1846 1874 1908 decimarum
1891 1863 1983 1909 causa
2005 1865 2058 1910 co-

1303 1941 1401 2017 gitur,
1426 1949 1458 2002 et
1480 1946 1617 2016 quatuor
1638 1939 1868 2002 commissariis
1888 1941 2056 2016 constabit,

1302 2048 1442 2111 quorum
1474 2033 1538 2094 duo
1559 2032 1598 2094 ab
1620 2033 1831 2096 ecclesiastica
1856 2035 2056 2107 auctoritate,

1303 2130 1366 2190 duo
1385 2127 1581 2190 aGubernio
1596 2128 1801 2206 deputantur.
1827 2127 1864 2190 lli
1881 2145 1945 2190 non
1962 2129 2058 2190 modo

1303 2229 1478 2300 praeerunt
1500 2221 1598 2283 rebus
1628 2221 1760 2298 agendis
1783 2237 1864 2298 quae
1887 2238 1991 2300 nuper
2014 2223 2058 2284 di-

1302 2324 1369 2380 ctae
1392 2322 1479 2388 suut,
1502 2315 1556 2377 sed
1581 2315 1677 2377 etiam
1701 2325 1895 2392 cognoscent
1925 2325 1957 2378 et
1978 2317 2059 2378 iudi-

1302 2411 1387 2474 cium
1404 2410 1511 2472 lerent
1523 2410 1562 2470 de
1579 2409 1724 2485 querelis
1737 2425 1814 2485 quas
1830 2410 1969 2488 prolerri
1985 2427 2059 2472 con-

1303 2507 1404 2581 tingat
1435 2503 1473 2566 ab
1500 2503 1539 2563 iis
1570 2502 1625 2579 qui
1660 2502 1778 2564 tributa
1810 2504 1967 2581 pendunt.
2002 2505 2058 2567 Hic

1302 2613 1399 2678 porro
1421 2597 1457 2658 ad
1481 2613 1551 2657 rem
1580 2595 1798 2668 constituitur,
1825 2596 2055 2674 obligationem

1302 2693 1414 2754 tributi
1435 2690 1582 2753 solvendi
1598 2691 1685 2751 iuxta
1701 2689 1885 2752 censualem
1910 2692 2056 2756 aestima·

1301 2787 1424 2848 tionem
1447 2784 1601 2862 suspendi
1622 2799 1687 2845 non
1711 2799 1804 2861 posse
1823 2784 2057 2863 cuiuscumque

1302 2877 1568 2958 expostulationis
1590 2892 1693 2948 causa,
1711 2877 1799 2938 salvo
1821 2878 1894 2940 iure
1909 2887 2057 2958 repeten-

1302 2974 1333 3035 di
1355 2973 1381 3034 si
1403 2972 1479 3050 quid
1502 2970 1681 3032 indebitum
1705 2970 1847 3034 solutum
1868 2972 1977 3034 luerit.

1341 3066 1410 3130 Art.
1435 3065 1486 3128 lll.
1510 3063 1712 3126 Gubernium
1745 3063 1883 3142 spondet
1905 3081 1940 3128 se
1962 3066 2057 3128 tradi·

1301 3169 1413 3224 turum
1429 3157 1601 3229 Ecclesiae,
1626 3157 1713 3218 intra
1734 3157 1815 3220 duos
1830 3174 1960 3222 menses
1974 3176 1991 3220 a
2006 3159 2057 3222 die

1303 3255 1376 3317 bulo
1403 3252 1610 3315 conventioni
1638 3251 1815 3328 adscripto,
1840 3252 1961 3315 tabulas
1983 3270 2057 3318 cen-

1301 3348 1418 3418 suales,
1443 3361 1524 3424 quae
1548 3345 1645 3406 modo
1667 3345 1741 3406 usui
1762 3352 1840 3408 sunt
1865 3346 1903 3408 ad
1925 3348 2057 3426 exigen-

1301 3445 1378 3506 dum
1411 3439 1570 3522 praediale
1592 3439 1730 3515 vectigal
1760 3440 1845 3516 quod
1874 3439 1974 3502 unius
1997 3457 2056 3521 pro

1301 3537 1387 3600 millo
1408 3535 1536 3605 dicitur,
1554 3540 1586 3595 et
1601 3549 1654 3594 eas
1673 3533 1805 3610 quidem
1829 3533 1928 3611 probe
1949 3534 2056 3598 coule-

1302 3641 1384 3703 ctas,
1409 3631 1531 3691 revisas
1554 3636 1586 3690 el
1607 3627 1772 3705 legitimae
1793 3629 1990 3691 auctoritatis
2012 3637 2056 3693 te·

1302 3723 1454 3788 stimonio
1476 3724 1537 3785 rite
1560 3723 1774 3784 confirmatas.
1806 3721 1853 3782 Ex
1873 3722 1912 3784 iis
1934 3731 2057 3786 consta-

1302 3821 1349 3884 bit
1370 3819 1465 3882 uniee
1485 3817 1577 3879 valor
1599 3815 1788 3886 lundorum,
1812 3817 1953 3892 exceptis
1974 3817 2057 3880 aedi·

1303 3914 1381 3976 lleiis
1413 3927 1554 3991 quorum
1584 3910 1707 3972 mentio
1740 3918 1787 3971 est
1817 3909 1850 3972 in
1875 3911 2010 3974 articulo
2031 3911 2053 3974 l.

1303 4006 1448 4085 Spondet
1470 4011 1634 4084 praeterea
1656 4001 1858 4065 Gubernium
1880 4019 1915 4065 se
1930 4013 2057 4068 curatu-

1302 4117 1375 4164 rum
1398 4100 1464 4162 suis
1486 4097 1668 4176 sumptibus
1691 4113 1808 4159 novam
1824 4106 1856 4162 et
1877 4105 2055 4160 accuratam

1301 4195 1556 4258 aestimationem
1590 4191 1660 4252 lieri
1683 4190 1889 4268 praediorum
1921 4193 2055 4254 rustico·

1302 4305 1387 4360 rum,
1412 4303 1493 4366 quae
1515 4287 1547 4347 in
1570 4284 1804 4362 Aequatoriana
1826 4284 1948 4348 ditione
1968 4293 2053 4359 sunt,

1303 4397 1362 4460 ope
1384 4382 1530 4442 virorum
1547 4378 1739 4457 peritorum,
1757 4393 1838 4456 quos
1854 4394 1993 4440 numero
2005 4394 2056 4456 pa·
2128 4377 2131 4388 “

1302 4491 1354 4536 res
1377 4473 1477 4551 eliget
1497 4479 1636 4548 utraque
1666 4477 1820 4549 potestas,
1844 4471 2055 4535 ecelesiastica

1302 4575 1334 4632 et
1355 4568 1469 4630 civilis.

1341 4661 1411 4722 llrl.
1435 4659 1473 4722 X.
1497 4657 1694 4723 collectores
1717 4657 1921 4722 ecclesiastici
1940 4659 2055 4722 iisdem

1301 4758 1349 4820 uti
1382 4762 1536 4834 poterunt
1568 4753 1733 4832 praesidiis
1769 4752 1885 4831 quibus
1920 4759 2056 4816 utuntur

1301 4850 1424 4914 fiscales
1447 4857 1611 4911 exactores
1626 4848 1662 4909 ad
1679 4864 1734 4909 eos
1756 4847 1919 4924 cogendos
1935 4848 1990 4925 qui
2006 4865 2055 4910 so·

1301 4945 1459 5006 lutionem
1481 4942 1680 5004 tributorum
1702 4941 1892 5004 detrectant.

1341 5038 1410 5099 brt.
1434 5035 1486 5100 Xl.
1512 5033 1704 5098 Substitutio
1727 5051 1783 5096 seu
1807 5035 1976 5098 conversio
2002 5036 2055 5098 tle·
2151 5067 2153 5071 v

1301 5132 1457 5196 cimorum
1478 5131 1566 5191 iuxta
1590 5129 1727 5190 lormam
1743 5135 1775 5189 et
1789 5128 1990 5192 conditiones
2005 5145 2057 5192 su·
2101 5124 2103 5128 ’

1302 5242 1356 5304 pra
1378 5225 1511 5302 scriptas
1532 5239 1597 5284 non
1614 5221 1718 5284 obstat
1739 5221 1914 5298 quominus
1929 5221 2056 5299 integra

1301 5329 1334 5383 et
1361 5317 1556 5381 inviolabilia
1579 5323 1729 5378 maneant
1760 5315 1861 5377 officia
1883 5321 1915 5377 et
1936 5314 2055 5394 obliga-

1300 5415 1405 5476 tiones
1427 5411 1581 5488 utrinque
1613 5416 1778 5487 susceptae
1800 5409 1838 5470 ab
1859 5408 2001 5471 Ecclesia
2023 5417 2056 5473 et

1300 5506 1482 5577 Gubernio,
1505 5505 1593 5566 iuxta
1615 5503 1788 5566 articulum
1812 5501 1952 5581 primum
1981 5520 2055 5566 oon-

1300 5600 1462 5664 ventionis
1483 5596 1684 5660 additionalis
1704 5597 1741 5659 ad
1758 5596 1986 5660 concordatum
2007 5597 2054 5678 (in

1301 5693 1394 5756 titulo
1430 5693 1585 5770 inscripto
1618 5689 1801 5772 propentico
1834 5691 2055 5770 permanente)

1300 5788 1381 5850 circa
1403 5785 1598 5848 solutionem
1621 5785 1704 5846 aeris
1727 5799 1785 5862 pro
1810 5793 1876 5846 rata
1897 5785 2054 5862 cuiusque

1299 5887 1389 5959 parte
1410 5879 1599 5942 conierendi
1632 5894 1690 5957 pro
1722 5877 1933 5950 nosocomiis,
1957 5879 2053 5940 semi-

1299 5973 1414 6047 nariis,
1438 5972 1556 6036 scholis
1579 5979 1610 6034 et
1638 5970 1783 6049 collegiis
1812 5971 1926 6033 morali
1950 5979 1981 6033 et
2002 5987 2054 6036 re·
