4756 6994
1740 567 1796 628 lust
1852 567 1904 624 Art.
1918 567 1946 626 C.
1963 567 2031 621 1756

261 699 418 778 portame,
443 713 503 761 nec
525 715 589 762 non
612 699 765 763 dilectum
788 698 890 762 fllium
910 698 1010 775 magi·
1036 699 1039 782 l
1066 700 1186 761 monita
1207 707 1239 761 et
1253 700 1398 762 mandata
1414 701 1581 763 humiliter
1597 701 1769 778 suscipiant
1783 709 1817 764 et

888 581 1031 626 CLEMENS
1052 582 1104 628 1²1².
1128 582 1186 628 xll.

260 799 362 854 strum
385 791 568 871 Philippum
591 793 719 855 Mariam
742 791 781 856 de
802 793 961 855 Montibus
976 792 1008 854 in
1066 791 1234 856 efficaciter
1256 793 1433 872 adimplere
1455 801 1645 872 procurent,
1673 795 1815 872 alioquin

260 893 397 963 utraque
425 886 589 964 signatura
618 892 724 949 nostra
751 886 1007 964 referendarium
1065 886 1258 948 sententiam
1281 886 1350 948 sive
1372 903 1520 966 poenam,
1545 903 1640 965 quam
1656 888 1717 950 rite
1733 888 1815 952 tule-

260 995 293 1040 ac
320 977 588 1056 congregationis
613 979 848 1042 venerabilium
872 979 1008 1042 fratrum
1035 978 1038 1000 '
1065 978 1135 1041 ritis
1166 996 1223 1042 seu
1256 981 1431 1042 statueritis
1463 981 1496 1044 in
1528 982 1680 1053 rebelles,
1713 989 1814 1045 ratam

260 1079 445 1134 nostrorum
466 1071 497 1134 S.
521 1072 557 1134 lt.
579 1073 615 1134 Ε.
633 1072 849 1136 cardinalium
865 1073 1008 1149 negociis
1065 1071 1255 1134 habebimus
1278 1080 1310 1134 et
1331 1073 1494 1147 faciemus,
1518 1081 1649 1137 auctore
1663 1074 1811 1148 Domino,
1837 1096 1839 1098 ·

259 1163 486 1242 Propogandae
513 1164 602 1228 Fidei
625 1166 882 1244 praepositorum
904 1182 1008 1230 secre-
1064 1180 1168 1241 usque
1190 1166 1226 1228 ad
1242 1165 1490 1229 satisfactionem
1506 1169 1697 1246 condignam
1713 1169 1815 1232 invio-

259 1257 388 1330 tarium,
421 1257 454 1318 in
485 1257 676 1320 visitationis
704 1256 833 1334 collegii
862 1257 1007 1320 eiusdem
1064 1257 1203 1322 labiliter
1225 1259 1401 1322 observari.

258 1350 370 1412 itidem
392 1353 614 1424 secretarium,
634 1350 714 1412 dicta
733 1351 921 1412 auctoritate
936 1368 1008 1430 apo·
1104 1353 1123 1426 ἓ
1148 1353 1178 1413 2.
1207 1349 1366 1415 Volumus
1392 1360 1500 1415 autem
1524 1362 1568 1428 ut,
1593 1356 1722 1432 siquae
1745 1372 1815 1434 gra-

259 1444 379 1516 stolica,
405 1451 517 1508 tenore
535 1445 765 1523 praesentium,
782 1444 1007 1506 corastituimus
1064 1446 1153 1508 viora
1185 1445 1218 1507 in
1251 1445 1437 1509 huiusmodi
1468 1447 1649 1511 visitatione
1678 1467 1694 1510 a
1723 1449 1815 1512 vobis

260 1541 292 1598 et
306 1538 509 1616 deputamus,
524 1537 678 1614 vobisque
694 1537 809 1598 barum
825 1537 908 1600 serie
923 1553 1006 1599 com·
1064 1546 1191 1618 reperta
1217 1539 1350 1612 fuerint,
1378 1539 1432 1602 illa
1459 1541 1496 1603 ad
1518 1558 1576 1603 nos
1598 1542 1755 1612 referatis,
1778 1550 1815 1604 ut

259 1632 417 1694 mittimus
439 1638 471 1694 et
488 1632 689 1708 iniungimus
704 1639 750 1703 ut,
768 1632 1007 1710 quamprimum
1064 1631 1141 1708 quid
1164 1633 1303 1710 desuper
1326 1634 1532 1695 statuendum
1554 1633 1664 1706 fuerit,
1688 1642 1813 1698 matura

259 1725 416 1803 poteritis,
447 1724 643 1787 coniunctim
667 1725 889 1802 procedentes,
914 1725 1008 1788 colle·
1064 1725 1230 1788 vobiscum
1254 1725 1486 1789 deliberatione
1508 1727 1647 1790 adbibita
1664 1729 1814 1790 decerna-

260 1817 348 1896 gium
371 1818 477 1898 ipsum
500 1818 635 1895 eiusque
658 1825 817 1880 rectorem
841 1835 875 1880 ac
897 1821 1008 1896 quavis

259 1911 337 1974 alios
366 1913 562 1990 superiores,
594 1911 743 1974 officiales
772 1917 804 1973 et
831 1911 1006 1984 ministros,

1065 1837 1148 1882 mus.

1104 1917 1123 1991 ξ
1150 1915 1180 1975 3.
1208 1913 1278 1976 Non
1303 1913 1501 1978 obstantibus
1523 1917 1703 1994 apostolicis
1726 1919 1813 1980 acin

260 2021 465 2084 quocumque
487 2006 620 2067 nomine
640 2013 851 2083 nuncupatos,
869 2022 1008 2069 necnon
1034 2016 1038 2059 t
1064 2008 1301 2071 universalibus
1329 2009 1645 2088 provincialibusque
1667 2020 1699 2072 et
1719 2029 1813 2090 syno-

261 2115 372 2162 omnes
394 2105 426 2161 et
445 2099 592 2177 singulos
608 2099 694 2161 illius
710 2099 869 2174 alumnos,
887 2101 1009 2162 sclrola-

259 2209 312 2256 res
327 2210 385 2255 seu
400 2193 585 2270 collegiales
607 2210 641 2256 ao
660 2194 734 2256 alias
749 2209 903 2272 personas
918 2211 1009 2272 quas·

259 2302 398 2364 cumque
424 2294 488 2349 tam
515 2273 607 2350 laicas
639 2303 735 2364 quam
768 2287 1006 2363 ecclesiasticas,

259 2380 437 2442 saeculares
470 2387 502 2444 et
534 2382 718 2458 regulares,
753 2390 816 2444 tam
847 2385 1008 2462 incapite

260 2489 355 2552 quam
371 2475 404 2537 in
420 2475 586 2548 membris,
603 2475 639 2536 ad
656 2477 889 2555 praescriptum
905 2494 1008 2540 sacro-

259 2584 332 2630 rum
354 2569 520 2632 canonum
543 2575 575 2630 et
591 2567 725 2631 Concilii
741 2569 931 2644 Tridentini,
949 2587 1009 2634 nec

260 2678 324 2724 non
350 2663 596 2741 apostolicarum
619 2670 651 2724 et
671 2662 799 2740 collegii
822 2664 1008 2728 huiusmodi

259 2755 536 2828 constitutionum,
550 2757 652 2818 semel
674 2763 798 2819 tantum
820 2761 1008 2823 auctoritate

259 2857 366 2910 nostra
382 2849 517 2911 visitetis
529 2867 563 2912 ac
575 2851 607 2912 in
620 2851 751 2912 illorum
768 2852 882 2924 studia,
896 2853 1006 2928 vitam,

259 2959 366 3006 mores
383 2950 415 3005 et
426 2943 625 3021 disciplinam
640 2943 813 3022 diligenter
825 2945 1005 3022 inquiratis.

259 3037 425 3098 Praeterea
447 3038 550 3114 quoad
573 3037 654 3099 bona
677 3045 741 3098 tum
764 3038 893 3101 mobilia
911 3055 1006 3116 quam

258 3131 446 3204 immobilia,
461 3147 519 3194 nec
538 3138 602 3194 no‘n
623 3131 767 3194 redditus
783 3137 816 3194 et
830 3140 1007 3211 proventus

259 3225 333 3286 dicti
359 3224 486 3300 collegii
509 3239 649 3300 quonam
672 3225 768 3286 modo
790 3227 1008 3290 administrata

259 3318 424 3394 bucusque
444 3317 566 3380 fuerint
580 3327 612 3380 et
627 3335 712 3381 nunc
727 3319 1005 3395 administrentur,

257 3417 378 3474 attente
397 3411 581 3490 inspiciatis,
598 3431 632 3476 ac
647 3431 663 3474 a
678 3415 937 3492 quibuscumque
952 3417 1008 3480 bo·

258 3521 386 3578 norum,
408 3506 595 3568 reddituum
612 3515 644 3568 et
658 3515 877 3585 proventuum
899 3510 1007 3573 buius-

257 3600 344 3662 modi
366 3599 678 3662 administratoribus
703 3608 765 3662 tam
787 3603 1007 3680 praesentibus

258 3709 352 3772 quam
382 3693 574 3772 praeteritis,
603 3695 629 3755 si
656 3694 697 3756 ita
719 3695 810 3758 vobis
831 3697 1006 3773 videbitur,

258 3787 541 3849 administrationis
554 3803 630 3850 suae
645 3789 801 3850 rationem
816 3789 963 3867 exigatis,
977 3799 1009 3856 et

258 3882 295 3944 ad
312 3882 397 3944 bunc
412 3883 563 3944 eflectum
580 3898 634 3943 eos
651 3891 680 3944 et
698 3898 812 3944 eorum
828 3885 1008 3960 quemlibet

155 4025 158 4032 .
258 3976 294 4038 ad
309 3975 491 4037 exbibenda
506 3991 621 4038 eorum
634 3983 782 4054 computa
794 3978 1007 4042 reddendam-

258 4083 320 4147 que
336 4070 495 4131 rationem
513 4069 699 4131 lruiusmodi
714 4071 930 4148 compellatis:
949 4089 1007 4136 nos

259 4163 342 4224 enim
373 4163 465 4224 vobis
487 4163 661 4241 praemissa
684 4163 789 4225 omnia
813 4171 845 4226 et
866 4166 1005 4243 singula,

258 4257 381 4334 aliaque
407 4257 545 4334 desuper
567 4263 600 4318 et
621 4271 679 4334 pro
702 4257 893 4320 demandato
915 4259 1006 4321 vobis

259 4367 396 4412 munere
417 4351 478 4412 rite
501 4358 534 4412 et
548 4357 636 4413 recte
652 4351 812 4431 explendo
830 4353 1006 4428 quomodo-

258 4443 337 4506 libet
371 4445 550 4506 neeessaria
581 4451 614 4506 et
645 4451 825 4523 opportuna
857 4444 1004 4518 faciendi,

260 4538 395 4611 dicendi,
420 4538 555 4616 gerendi
577 4545 610 4600 et
631 4539 826 4616 exequendi,
848 4556 882 4601 ac
896 4540 1007 4602 inobe-

260 4632 383 4695 dientes
409 4647 467 4710 per
492 4648 644 4694 censuras
666 4640 699 4695 et
722 4649 838 4712 poenas
860 4634 1007 4696 ecclesia·

257 4725 366 4797 sticas,
400 4725 524 4803 aliaque
557 4733 736 4804 opportuna
767 4727 848 4789 iuris
873 4734 906 4789 et
935 4727 1006 4790 facti

259 4819 402 4882 remedia
427 4821 666 4898 compescendi,
691 4835 929 4899 quamcumque
952 4838 1007 4884 ne·

258 4912 425 4978 cessariam
448 4918 481 4974 et
503 4918 715 4992 opportunam
738 4913 932 4989 facultatem,
953 4932 1006 4978 au-

259 5007 402 5071 ctoritate
436 5013 469 5069 et
494 5013 608 5069 tenore
634 5007 801 5085 praefatis,
833 5009 1006 5072 tribuimus

259 5110 290 5166 et
309 5101 528 5180 impertimur.
553 5099 736 5164 Mandantes
752 5109 924 5180 propterea
939 5119 1007 5166 om·

259 5195 352 5258 nibus
375 5201 408 5258 et
428 5193 565 5272 singulis
582 5197 752 5258 memorati
767 5196 896 5274 collegii
912 5213 1006 5276 supe·

257 5289 409 5362 rioribus,
440 5289 607 5361 ministris,
636 5287 774 5351 alumnis
802 5297 834 5352 et
860 5291 1006 5369 personis

259 5383 451 5461 ceterisque,
474 5383 512 5446 ad
541 5397 621 5460 quos
649 5389 780 5461 spectat,
804 5389 841 5445 ut
861 5398 931 5456 vos,
960 5386 1007 5448 uti

258 5477 439 5539 visitatores
460 5475 650 5556 apostolicos
673 5475 818 5538 eiusdem
841 5476 969 5554 collegii
990 5493 1007 5538 a

259 5569 362 5644 nobis,
384 5576 421 5631 ut
443 5569 635 5649 praefertur,
657 5569 836 5648 deputatos,
853 5569 1008 5648 recipiant

261 5673 292 5727 et
311 5671 554 5742 recognoscant,
577 5663 733 5741 vobisque
754 5663 787 5726 in
804 5664 954 5726 omnibus
969 5665 1005 5726 ad

260 5758 473 5820 visitationem
486 5757 670 5820 huiusmodi
682 5757 909 5834 spectantibus,
920 5758 1007 5819 iuxta

262 5852 447 5913 earumdem
461 5857 607 5913 tenorem
618 5851 847 5928 praesentium,
858 5859 1007 5929 prompte

262 5954 392 6024 pareant
406 5955 437 6008 et
454 5945 683 6024 obsequantur,
701 5963 733 6007 ac
749 5953 857 6008 vestra
869 5945 1007 6009 salubria

1064 2102 1188 2164 dalibus
1220 2102 1370 2166 Consiliis
1403 2103 1496 2165 editis
1526 2105 1730 2180 generalibus
1761 2107 1814 2169 vel

1064 2196 1254 2274 specialibus
1276 2196 1558 2259 constitutionibus
1581 2204 1614 2260 et
1642 2199 1814 2262 ordinatio·

1065 2291 1170 2362 nibus,
1195 2307 1254 2352 nec
1276 2306 1341 2352 non
1360 2291 1518 2353 societatis
1534 2298 1566 2352 et
1579 2291 1708 2368 collegii
1724 2309 1813 2370 prae·

1063 2384 1203 2447 fatorum
1235 2385 1369 2461 aliisque
1400 2383 1579 2461 quibusvis,
1606 2385 1702 2447 etiam
1730 2386 1813 2446 iura-

1064 2487 1186 2552 mento,
1200 2479 1444 2542 confirmatione
1456 2478 1625 2556 apostolica
1637 2479 1690 2540 vel
1702 2481 1818 2556 quavis

1064 2576 1122 2637 alia
1152 2575 1302 2636 firmitate
1331 2573 1506 2646 roboratis,
1537 2573 1663 2635 statutis
1686 2580 1718 2636 et
1739 2592 1813 2638 con·

1063 2667 1300 2738 suetudinibus,
1318 2666 1496 2745 privilegiis
1512 2681 1653 2744 quoque,
1667 2667 1811 2741 indultis,

1064 2761 1276 2831 libertatibus,
1302 2759 1559 2821 immunitatibus
1582 2765 1614 2820 et
1636 2762 1812 2839 exemptio-

1064 2855 1168 2926 nibus
1193 2870 1226 2914 ac
1242 2853 1358 2914 litteris
1373 2852 1553 2930 apostolicis
1570 2853 1692 2914 eisdem
1709 2852 1813 2917 Socie-

1065 2948 1119 3010 tati
1136 2955 1168 3009 et
1182 2947 1319 3024 collegio
1335 2961 1514 3022 eorumque
1531 2947 1711 3024 respective
1724 2963 1813 3026 prae-

1064 3042 1167 3120 posito
1184 3041 1326 3118 generali
1343 3047 1375 3102 et
1390 3040 1507 3101 rectori
1522 3040 1657 3116 aliisque
1669 3044 1813 3120 superio-

1052 3134 1154 3196 ·ribus
1177 3141 1209 3195 et
1224 3133 1368 3212 personis
1385 3131 1593 3209 quibuslibet,
1607 3133 1667 3196 sub
1683 3135 1813 3211 quibus-

1064 3243 1203 3304 cumque
1231 3225 1408 3287 verborum
1441 3226 1606 3288 tenoribus
1635 3235 1667 3288 et
1688 3228 1811 3302 formis,

1065 3337 1098 3381 ac
1125 3335 1199 3382 cum
1228 3319 1394 3395 quibusvis
1417 3319 1511 3380 etiam
1534 3319 1813 3397 derogatoriarum

1065 3411 1276 3489 derogatoriis
1305 3412 1439 3489 aliisque
1461 3411 1690 3475 efficacioribus
1713 3415 1814 3478 effica-

1064 3507 1199 3568 cissimis
1222 3523 1255 3568 ac
1276 3505 1412 3568 insolitis
1430 3505 1581 3568 clausulis
1599 3505 1814 3570 irritantibus·

1065 3616 1128 3678 que
1160 3607 1192 3662 et
1220 3599 1288 3661 aliis
1317 3599 1455 3661 decretis
1483 3598 1517 3659 in
1546 3615 1667 3676 genere
1696 3601 1748 3662 vel
1780 3602 1814 3664 in

1063 3695 1179 3772 specie,
1204 3709 1261 3756 seu
1283 3691 1357 3754 alias
1379 3691 1623 3770 quomodolibet
1638 3693 1672 3754 in
1691 3701 1814 3756 contra-

1064 3788 1150 3850 rium
1167 3787 1428 3866 praemissorum,
1439 3787 1607 3860 concessis,
1618 3787 1814 3850 confirmatis

1064 3898 1098 3944 ac
1120 3881 1241 3960 pluries
1261 3879 1444 3958 approbatis
1461 3889 1493 3941 et
1506 3880 1678 3942 innovatis.
1694 3879 1814 3954 Quibus

1065 3975 1215 4037 omnibus
1231 3981 1264 4036 et
1277 3973 1425 4050 singulis,
1441 3974 1500 4035 etsi
1513 3987 1571 4052 pro
1584 3973 1715 4036 illorum
1727 3975 1813 4037 suffl-

1064 4069 1161 4132 cienti
1183 4067 1392 4144 derogatione
1408 4066 1447 4128 de
1463 4066 1526 4129 illis
1542 4083 1721 4146 eorumque
1736 4068 1811 4130 totis

1064 4161 1231 4224 tenoribus
1253 4159 1409 4238 specialis,
1432 4161 1588 4238 specifica,
1612 4177 1763 4240 expressa
1782 4168 1815 4223 et

1063 4255 1226 4318 individua
1242 4270 1276 4316 ac
1291 4254 1331 4316 de
1346 4252 1447 4316 verbo
1463 4253 1500 4316 ad
1515 4254 1666 4328 verbum,
1681 4271 1745 4317 non
1761 4272 1814 4317 au-

1064 4355 1130 4411 tem
1152 4364 1210 4426 per
1228 4347 1385 4409 clausulas
1405 4347 1573 4426 generales
1593 4348 1679 4411 idem
1694 4348 1814 4428 impor-

1063 4449 1178 4514 tantes,
1203 4442 1326 4503 mentio
1347 4457 1404 4504 seu
1427 4442 1559 4518 quaevis
1575 4441 1633 4503 alia
1649 4441 1815 4520 expressio

1063 4536 1208 4599 habenda
1234 4541 1289 4596 aut
1316 4533 1420 4611 aliqua
1442 4533 1500 4595 alia
1530 4534 1688 4611 exquisita
1711 4533 1814 4596 forma

1063 4632 1100 4694 ad
1123 4631 1183 4693 boc
1198 4631 1353 4692 servanda
1368 4629 1463 4703 foret,
1480 4636 1611 4692 tenores
1627 4629 1814 4691 huiusmodi

1063 4741 1097 4786 ac
1124 4725 1150 4786 si
1178 4725 1217 4785 de
1239 4723 1339 4785 verbo
1361 4723 1398 4785 ad
1420 4723 1558 4786 verbum
1581 4722 1661 4785 nibil
1684 4723 1814 4801 penitus

1064 4817 1183 4880 omisso
1205 4823 1238 4879 et
1259 4817 1362 4879 forma
1383 4817 1416 4878 in
1436 4816 1499 4879 illis
1516 4817 1629 4879 tradita
1645 4817 1813 4880 observata

1063 4913 1327 4992 exprimerentur
1349 4917 1381 4972 et
1402 4911 1638 4984 insererentur,
1663 4927 1813 4990 praesen-

1063 5006 1149 5068 tibus
1178 5021 1236 5084 pro
1258 5005 1353 5084 plene
1377 5012 1409 5067 et
1430 5004 1628 5067 sufficienter
1651 5006 1813 5084 expressis

1064 5109 1097 5162 et
1116 5099 1247 5162 insertis
1269 5098 1436 5170 babentes,
1459 5097 1522 5160 illis
1544 5097 1619 5160 alias
1638 5099 1671 5160 in
1688 5115 1747 5162 suo
1762 5113 1814 5163 ro·

1063 5193 1142 5256 bore
1164 5192 1394 5271 permansuris,
1411 5191 1449 5254 ad
1469 5191 1721 5270 praemissorum
1737 5193 1813 5256 effe-

1063 5293 1161 5358 ctum,
1191 5286 1249 5346 bac
1276 5285 1347 5347 vice
1375 5286 1548 5358 dumtaxat,
1577 5285 1759 5364 specialiter
1781 5293 1815 5350 et
1853 5347 1856 5352 .

1064 5396 1215 5460 expresse
1230 5379 1435 5457 derogamus,
1449 5379 1632 5456 ceterisque
1644 5380 1815 5442 contrariis

1063 5475 1332 5553 quibuscumque.

1102 5567 1216 5630 Datum
1245 5566 1375 5639 Romae,
1399 5567 1482 5646 apud
1512 5566 1543 5630 S.
1567 5567 1697 5630 llariam
1720 5568 1815 5634 Maio·

1063 5677 1145 5734 rem,
1169 5661 1229 5724 sub
1248 5660 1368 5722 annulo
1385 5661 1563 5734 Piscatoris,
1581 5663 1632 5725 die
1648 5681 1713 5727 xvr.
1731 5681 1815 5728 mar-

1064 5757 1099 5818 tii
1111 5772 1325 5828 dcccxxxvi„
1340 5756 1545 5834 pontificatus
1557 5759 1659 5819 nostri
1672 5775 1754 5822 anno
1768 5777 1813 5822 vr.

1309 5920 1574 5928 -----—.——-
