4814 6992
324 581 500 638 3331171
556 581 596 644 60

537 716 728 790 servientes,
745 735 761 780 a
777 718 954 795 praedictae
970 717 1188 796 suspensionis
1205 714 1286 777 aliis·

537 825 601 886 que
629 811 774 872 censuris
804 817 836 874 et
864 811 976 888 poenis
1006 811 1225 874 ecclesiasticis
1254 809 1286 870 in

538 919 593 964 eos
614 922 630 964 3
652 905 736 966 11313
758 903 1002 966 Β3111131331333
1032 904 1188 982 Episcopo
1216 919 1286 981 pro-

539 1003 609 1074 pter
626 997 797 1074 praemissa
813 1013 870 1058 seu
882 997 1013 1058 illorum
1031 997 1194 1059 occasione
1209 1013 1285 1074 quo-

539 1090 715 1152 modolibet
744 1091 813 1152 latis
842 1107 899 1152 seu
931 1091 1150 1162 comminatis,
1178 1097 1286 1167 quate-

539 1198 599 1243 nus
628 1198 707 1260 opus
729 1186 780 1255 sit,
811 1184 998 1246 absolvendi
1028 1189 1060 1244 31
1090 1183 1231 1245 131311131
1253 1183 1287 1244 11-

539 1275 681 1347 11313311,
698 1277 793 1338 accis
809 1277 949 1354 desuper
965 1285 1145 1356 opportune
1161 1277 1273 1354 dispen

539 1367 643 1438 sandi,
675 1376 845 1446 ceteraque
875 1370 906 1431 in
937 1371 1117 1447 praemissis
1147 1377 1179 1432 et
1207 1370 1287 1431 circa

540 1478 575 1522 ea
597 1463 841 1539 quomodolibet
863 1465 1040 1526 necessaria
1058 1471 1090 1525 31
1109 1471 1288 1541 opportuna

539 1555 691 1626 faciendi,
723 1556 865 1628 dicendi,
897 1559 1031 1634 gerendi
1059 1568 1090 1620 et
1116 1558 1288 1620 exercendi

539 1664 574 1710 ac
588 1649 775 1710 executioni·
786 1651 927 1711 mandari
943 1651 1085 1722 curandi,
1103 1665 1288 1728 quamcum-

539 1756 603 1818 que
625 1743 835 1804 necessariam
858 1751 890 1804 et
919 1751 1131 1821 opportunam
1161 1742 1287 1804 1333113-

540 1841 617 1904 tem,
632 1835 767 1896 durante
782 1835 981 1915 beoeplacito
998 1837 1183 1900 huiusmodi
1198 1837 1288 1898 11313-

542 1933 625 1989 13131
639 1928 836 2000 duraturam,
851 1931 962 1992 eadem
975 1931 1161 1993 auctoritate
1175 1931 1288 1991 barum

540 2021 624 2084 serie
646 2023 852 2083 concedimus
876 2029 907 2083 et
929 2023 1145 2100 impertimur

329 2139 474 2200 prorumpo
489 2138 522 2184 ra.
581 2116 599 2190 ἓ
616 2113 663 2174 lt.
681 2113 828 2177 bistricte
845 2123 1013 2193 propterea
1029 2117 1213 2180 inhibentes
1226 2125 1288 2179 tarn

308 2195 521 2291 {ffugffl'fflffllw
541 2209 624 2270 dioto
646 2207 891 2271 bartholomaeo
914 2218 946 2270 et
968 2225 1026 2287 pro
1050 2217 1195 2288 tempore
1224 2213 1289 2274 exi·

540 2301 638 2364 stenti
670 2301 826 2380 Episcopo
862 2302 1001 2365 Lauden.
1036 2305 1095 2365 sub
1128 2305 1289 2368 interdicti

541 2395 706 2472 ingressus
739 2393 901 2467 ecelesiae,
936 2411 1032 2472 quarn
1063 2397 1132 2458 eius
1166 2400 1289 2460 vicariis

542 2487 816 2564 prucuratoribus,
850 2488 1018 2560 fiscalibus,
1049 2491 1205 2561 actuariis,
1235 2507 1290 2553 no-

543 2580 640 2652 tariis,
664 2579 839 2642 barisceliis
861 2580 995 2656 aliisque
1018 2581 1086 2642 eius
1103 2583 1209 2644 euriae
1226 2585 1290 2662 epi-

540 2671 674 2750 scopalis
707 2673 861 2734 ministris
893 2681 924 2735 et
953 2673 1140 2736 oilicialibus
1162 2677 1290 2754 quibus-

541 2778 681 2840 cumque
696 2779 781 2824 nunc
794 2771 826 2824 et
838 2779 894 2841 pro
908 2772 1055 2842 tempore
1066 2767 1288 2840 existentibus,

541 2857 601 2918 sub
631 2857 970 2919 excommunicationis
1004 2858 1083 2921 latae
1112 2865 1290 2924 sententiae

541 2950 610 3028 ipso
643 2949 723 3011 iacto
755 2949 875 3026 absque
907 2951 964 3013 alia
997 2952 1211 3016 declaratione
1244 2957 1290 3018 in-

541 3059 683 3116 curren,
702 3049 734 3104 et
754 3043 983 3119 indignationis
999 3053 1125 3108 nostrae
1142 3047 1288 3126 aliisque,

542 3141 652 3198 nostro
665 3143 697 3197 et
712 3151 770 3214 pro
787 3145 932 3214 tempore
948 3137 1084 3200 existen.
1102 3139 1193 3202 Rom.
1211 3141 1290 3202 Pon-

542 3228 617 3290 tifio.
639 3229 783 3302 arbitrio,
810 3230 1012 3308 imponendis
1039 3233 1160 3310 poenis,
1185 3250 1235 3306 ne,
1257 3236 1287 3296 d.

543 3321 741 3401 beneplacito
764 3322 909 3394 durante,
933 3339 967 3384 33
989 3339 1023 3386 33
1044 3325 1076 3386 13
1096 3325 1288 3401 visitatione,

542 3415 752 3486 correctione,
776 3416 1007 3490 iurisdictione,
1031 3435 1106 3480 3313
1127 3427 1159 3481 31
1174 3421 1290 3496 guber-

543 3511 607 3584 nio,
631 3510 857 3589 superioritate
879 3511 980 3574 aliave
1002 3527 1204 3590 quacumque
1228 3523 1289 3576 tam

542 3603 702 3666 ordinaria
723 3619 817 3681 quam
841 3604 985 3681 delegata
1007 3612 1164 3683 potestate
1186 3615 1218 3669 et
1238 3625 1290 3670 33-

542 3699 699 3770 313111313,
713 3714 811 3775 super
824 3696 994 3775 praelatam
1011 3699 1175 3762 ecclesiam
1190 3698 1221 3762 S.
1236 3701 1289 3764 Pe-

544 3791 584 3853 tri
600 3791 819 3852 Laudiveteris
834 3791 974 3868 aliasque
991 3792 1138 3854 ecclesias
1154 3809 1210 3855 seu
1222 3811 1291 3874 cap·

543 3883 641 3962 pellas
673 3901 689 3945 3
721 3884 861 3962 praelato
891 3885 1086 3947 monasterio
1115 3889 1290 3963 quomodo·

543 3978 622 4040 libet
642 3978 873 4055 dependentes,
891 3995 924 4040 ac
946 3980 1084 4042 oratoria
1105 3981 1187 4042 intra
1211 3981 1290 4044 fines

543 4072 687 4134 eiusdem
700 4071 887 4150 parochialis
899 4072 1050 4134 ecclesiae
1061 4079 1093 4136 et
1105 4077 1290 4138 monasterii

544 4165 727 4228 huiusmodi
756 4167 936 4238 existentia,
960 4177 992 4229 et
1013 4168 1290 4233 confraternitates

543 4261 696 4323 laicorum
720 4261 753 4322 in
769 4259 814 4322 eis
830 4269 963 4334 erectas,
981 4270 1035 4323 aut
1050 4263 1220 4336 electione,
1238 4266 1290 4326 de-

544 4354 718 4432 putatione,
739 4355 897 4426 examine,
915 4355 1143 4434 approbatione
1158 4359 1289 4421 vicario-

542 4463 616 4509 rum
638 4464 695 4510 333
718 4449 970 4526 provicariorum
993 4449 1196 4528 aliorumque
1221 4468 1290 4530 pre-

542 4542 748 4620 sbyterorum
771 4559 828 4604 seu
851 4543 1110 4621 cappellanorum
1130 4547 1289 4608 33131311-

542 4651 652 4697 corum
675 4635 878 4714 aliorumque
907 4637 1130 4700 ministrorum
1160 4647 1192 4700 et
1217 4657 1289 4702 con·

515 4721 516 4728 '
541 4730 739 4792 cionatorum
762 4729 881 4792 ibidem
903 4747 989 4792 nuno
1011 4739 1043 4792 et
1064 4747 1122 4809 pro
1144 4741 1288 4811 tempore

541 4839 649 4885 curam
678 4824 857 4885 animarum
879 4841 913 4886 33
939 4825 1044 4886 divina
1074 4826 1174 4888 3111313
1200 4827 1288 4888 31133-

542 4933 604 4994 que
627 4917 807 4978 lunationes
829 4917 1052 4980 ecclesiasticas
1074 4927 1107 4982 et
1121 4921 1212 4982 verbi
1232 4920 1287 4982 Dei

542 5011 808 5088 praedicationem
825 5013 1005 5089 respective
1021 5013 1210 5075 obeuntium
1230 5031 1287 5077 seu

542 5105 775 5176 exercentium,
799 5105 1010 5182 ipsorumque
1026 5107 1286 5170 concionatorum

542 5198 764 5260 benedictione
785 5198 919 5276 aliisque
942 5200 1139 5276 quibuslibet
1167 5202 1287 5264 actibus

541 5291 844 5354 iurisdictionalibns
867 5308 901 5354 33
922 5308 957 5354 se
979 5293 1045 5355 ullo
1076 5296 1171 5357 modo
1199 5295 1288 5373 inge-

541 5401 625 5457 rere,
639 5393 694 5446 aut
708 5385 960 5448 iurisdictionem
977 5401 1214 5466 quamcumque
1230 5406 1287 5450 seu

540 5479 761 5541 auctoritatem
784 5487 816 5541 et
838 5487 1027 5558 potestatem
1050 5483 1145 5543 etiam
1162 5483 1288 5560 delega-

542 5579 604 5632 tam
626 5571 744 5634 ibidem
768 5589 824 5634 seu
855 5581 964 5636 contra
987 5591 1137 5652 personas
1167 5578 1274 5654 praedi

540 5674 602 5728 ctas
625 5681 790 5739 exercere,
808 5667 954 5730 ullumve
976 5677 1081 5731 actum
1097 5671 1287 5732 iurisdictio·

541 5761 646 5823 nalem
676 5759 791 5834 iacere,
815 5769 869 5823 aut
897 5763 1031 5826 vicarios
1061 5779 1117 5825 seu
1147 5763 1288 5841 provica-

541 5855 617 5924 rios,
643 5854 858 5933 presbyteros,
883 5857 1094 5934 cappellanus,
1124 5858 1289 5919 conciona-

543 5957 628 6011 tores
649 5948 793 6026 aliosque
815 5951 979 6011 ministros
994 5950 1122 6028 collegii
1137 5953 1289 6029 praedicti

1059 601 1123 644 tun.
1149 599 1239 644 PONT.
1265 598 1304 642 DE
1328 599 1355 641 Ρ.
1382 597 1409 641 Β.
1435 598 1519 642 PARS
1542 599 1562 641 l.

1343 715 1458 791 quovis
1480 715 1625 792 quaesito
1640 714 1759 786 colore,
1782 720 1950 793 praetextu
1971 712 2023 774 vel
2046 712 2092 773 in·

1344 808 1451 884 genio,
1465 809 1586 870 directe
1599 808 1651 870 vel
1671 809 1836 878 indirecte.
1850 823 1906 868 333
1923 805 1997 867 31133
2014 819 2092 880 quo-

1344 901 1520 963 modolibet
1543 901 1726 972 molestare,
1751 900 1942 979 perturbare
1963 897 2015 960 vel
2046 897 2093 958 in-

1343 1000 1487 1074 quietare
1510 999 1646 1061 audeant
1668 998 1782 1076 quovis
1798 997 1905 1068 modo,
1924 1011 1981 1057 seu
2004 1010 2092 1072 prae-

1342 1099 1480 1153 sumant.

1384 1186 1402 1258 g
1426 1185 1472 1245 lb.
1499 1185 1541 1247 13
1563 1187 1774 1248 decernentes
1796 1183 1922 1246 easdem
1947 1197 2093 1260 praesen-

1345 1287 1392 1338 tes
1414 1277 1522 1339 literas
1537 1279 1616 1340 etin
1633 1279 1678 1340 313
1694 1285 1841 1341 33313313
1856 1289 2090 1354 quaecumque,

1345 1370 1439 1432 etiarn
1466 1387 1506 1434 ex
1536 1389 1584 1442 eo,
1616 1372 1699 1449 quod
1729 1371 1993 1432 Bartholomaeus
2021 1367 2093 1444 Epi-

1344 1479 1458 1540 scopus
1481 1465 1584 1526 etalii
1608 1464 1749 1542 praelati,
1781 1479 1837 1525 333
1867 1463 1919 1525 3111
1948 1461 2092 1539 quicum-

1346 1570 1419 1632 que,
1437 1557 1469 1618 in
1487 1559 1666 1634 praemissis
1683 1573 1739 1619 seu
1763 1573 1876 1618 eorum
1900 1553 2027 1632 aliquod
2043 1554 2093 1613 ius

1345 1648 1398 1709 vel
1420 1650 1577 1711 interesse
1601 1651 1754 1712 babentes
1776 1665 1833 1711 seu
1858 1650 1975 1710 babere
2006 1661 2093 1724 prae·

1347 1742 1527 1815 tendentes,
1544 1743 1607 1804 illis
1630 1760 1695 1805 non
1718 1743 1951 1814 consenserint,
1976 1757 2035 1802 nec
2057 1739 2092 1801 ad

1346 1849 1382 1895 ea
1404 1836 1516 1907 vocati,
1541 1837 1626 1897 citati
1649 1844 1680 1898 et
1701 1836 1810 1906 auditi,
1835 1851 1941 1912 neque
1970 1849 2092 1904 causae,

1347 1937 1478 2006 propter
1500 1945 1577 2006 quas
1600 1937 1783 2007 praesentes
1802 1929 1992 1998 emanarint,
2009 1927 2095 1990 33111-

1346 2022 1469 2086 3133131·
1491 2023 1660 2093 adductae,
1695 2023 1874 2084 veriiicatae
1902 2029 1955 2082 aut
1982 2021 2094 2082 iustifi-

1346 2115 1573 2188 331331331131,
1588 2116 1640 2178 131
1657 2131 1696 2177 31
1711 2115 1769 2177 3113
1784 2129 1986 2192 quacumque
1999 2115 2091 2174 etiam

1347 2210 1512 2286 quantavis
1542 2209 1672 2270 iuridica
1702 2215 1734 2269 et
1762 2207 1962 2284 privilegiata
1991 2222 2092 2278 causa,

1346 2303 1465 2374 colore,
1490 2311 1657 2380 praetextu
1681 2309 1712 2363 et
1733 2303 1846 2378 capite,
1863 2301 1956 2362 etiam
1974 2301 2006 2360 in
2027 2315 2094 2362 cor-

1349 2411 1425 2473 pore
1447 2396 1525 2456 iuris
1548 2395 1665 2466 clauso,
1690 2395 1785 2456 etiam
1816 2395 1970 2464 enormis,
2002 2409 2094 2454 enor-

1347 2489 1508 2550 missimae
1524 2495 1556 2550 et
1571 2489 1677 2550 totalis
1692 2488 1840 2550 laesionis
1857 2487 1896 2549 de
1915 2488 2095 2564 subreptio-

1347 2582 1395 2642 nis
1430 2582 1481 2643 vel
1515 2582 1712 2660 obreptionis
1744 2589 1798 2642 aut
1821 2575 1984 2642 'nullitatis
2016 2581 2095 2642 vitio

1346 2691 1402 2736 seu
1424 2675 1612 2736 intentionis
1634 2681 1762 2736 nostrae
1789 2681 1842 2736 aut
1863 2675 2020 2735 interesse
2044 2675 2095 2734 113-

1348 2768 1490 2830 bentium
1515 2783 1702 2839 consensus,
1720 2767 1823 2829 aliove
1839 2767 1984 2844 quolibet
1999 2767 2094 2828 etiam

1347 2863 1554 2939 quantumvis
1578 2871 1749 2938 magnopet
1769 2860 1981 2932 substantiali,
1996 2867 2028 2920 et
2048 2859 2094 2921 in-

1347 2954 1485 3030 33311313
1507 2971 1540 3016 33
1561 2953 1811 3031 inexcogitabili,
1831 2953 2095 3028 individuamque

1348 3046 1590 3125 expressionem
1613 3047 1801 3124 requirente
1822 3045 1961 3118 deiectu,
1979 3047 2093 3117 notari,

1348 3140 1541 3219 impugnari,
1567 3139 1713 3217 infringi,
1744 3139 1921 3210 retractari,
1951 3138 2093 3210 limitari,

1349 3233 1534 3304 modificari,
1559 3234 1590 3294 in
1620 3233 1873 3295 controversiam
1903 3232 2010 3294 vocari
2038 3248 2095 3294 seu

1347 3326 1384 3388 ad
1415 3326 1570 3388 terminos
1598 3325 1677 3386 iuris
1706 3326 1828 3398 reduci,
1858 3333 1913 3387 aut
1941 3326 2095 3386 adversus

1348 3419 1416 3482 illas
1438 3419 1623 3497 aperitionis
1646 3418 1721 3490 oris,
1745 3418 1960 3481 restitutionis
1988 3419 2020 3479 in
2049 3418 2095 3479 in-

1349 3521 1489 3589 tegrum,
1512 3513 1639 3575 aliudve
1661 3512 1888 3589 quodcumque
1909 3511 2001 3584 iuris,
2025 3511 2097 3574 13311

1349 3605 1400 3667 vel
1430 3605 1548 3682 gratiae
1570 3606 1749 3668 remedium
1779 3605 1930 3667 intentari
1957 3606 2009 3667 vel
2037 3606 2093 3666 im

1350 3699 1478 3776 petrari,
1502 3715 1559 3761 seu
1582 3699 1764 3778 impetrato,
1788 3699 1883 3760 etiam
1907 3705 1996 3760 motu
2024 3714 2095 3776 pro·

1350 3792 1418 3871 prio
1440 3800 1471 3853 et
1493 3792 1532 3854 dc
1554 3791 1744 3870 apostolicae
1768 3793 1932 3871 potestatis
1958 3791 2095 3870 plenitu-

1349 3886 1423 3948 dine
1455 3902 1605 3948 concesso
1636 3887 1689 3948 vel
1721 3893 1878 3957 emanato,
1911 3885 2094 3964 quempiam

1349 3980 1382 4040 in
1404 3980 1521 4041 iudicio
1543 3979 1595 4042 vel
1618 3987 1706 4041 extra
1729 3979 1807 4041 illud
1830 3979 1878 4040 uti
1899 3995 1956 4040 seu
1985 3995 2020 4042 se
2049 3979 2095 4042 iu-

1349 4093 1425 4140 vare
1447 4078 1513 4140 ullo
1536 4078 1631 4140 modo
1656 4078 1788 4139 minime
1811 4092 1914 4154 posse,
1937 4077 1992 4137 sed
2012 4075 2094 4154 ipsas

1351 4179 1532 4250 praesentes
1555 4172 1674 4242 literas,
1699 4171 1818 4243 firmas,
1842 4170 1961 4232 validas
1983 4171 2095 4233 313111-

1349 4284 1436 4330 caces
1459 4269 1599 4330 existere
1621 4276 1652 4330 et
1674 4268 1754 4340 1313,
1771 4284 1912 4345 suosque
1935 4269 2094 4347 plenarios

1349 4370 1381 4422 et
1402 4362 1546 4439 integros
1569 4361 1699 4424 31133133
1715 4361 1823 4422 3311111
1840 4369 1872 4424 31
1886 4363 2044 4434 33113313,
2061 4381 2095 4424 33

1348 4457 1422 4528 11113,
1446 4459 1481 4518 ad
1506 4473 1586 4534 quos
1608 4464 1728 4534 spectat
1749 4464 1782 4518 et
1803 4456 1957 4534 spectabit
1985 4456 2018 4518 in
2047 4457 2095 4519 13-

1349 4559 1468 4622 turum,
1487 4551 1673 4628 plenissime
1688 4549 1866 4626 suffragari,
1883 4551 1968 4611 acab
1984 4549 2030 4610 eis
2046 4566 2095 4613 re-

1347 4645 1489 4722 spective
1511 4645 1543 4704 in
1567 4644 1716 4705 omnibus
1739 4651 1771 4705 et
1792 4659 1849 4720 per
1872 4643 1977 4705 omnia
1992 4644 2094 4706 invio·

1348 4737 1484 4799 labiliter
1506 4745 1538 4799 et
1559 4737 1748 4798 inconcusse
1771 4736 1934 4798 observari
1951 4739 2095 4800 31311113-

1348 4831 1439 4908 pleri.
1804 4821 1808 4828 “

1387 4927 1405 5000 5
1429 4923 1474 4986 16.
1500 4923 1616 5002 Sicque
1638 4933 1669 4986 et
1691 4939 1755 4985 non
1777 4923 1869 4985 aliter
1891 4925 1923 4984 in
1944 4926 2093 5001 praemis-

1347 5019 1389 5079 sis
1411 5019 1545 5088 censeri,
1570 5025 1664 5095 atque
1679 5019 1720 5079 ita
1737 5033 1794 5096 per
1809 5033 2031 5096 quoscumque
2047 5022 2091 5082 13-

1346 5113 1431 5175 dices
1448 5111 1624 5173 ordinarios
1641 5119 1672 5173 et
1687 5111 1860 5188 delegatos,
1878 5113 1972 5173 etiam
1989 5130 2093 5175 33333-

1347 5221 1418 5265 13111
1440 5204 1544 5282 palatii
1559 5205 1721 5282 apostolici
1737 5206 1898 5267 auditores
1913 5221 1947 5267 33
1962 5203 2092 5269 Sanctae

1346 5297 1504 5359 Romanae
1537 5297 1695 5360 Ecclesiae
1724 5297 1881 5376 praelatae
1910 5299 2092 5362 cardinales

1338 5392 1386 5467 ¹de
1401 5391 1501 5453 latere
1525 5391 1668 5468 Legatos,
1686 5399 1718 5453 et
1739 5393 1817 5454 alios
1839 5394 1999 5470 quoslibet
2019 5410 2093 5471 qua-

1346 5500 1486 5562 cumque
1513 5486 1762 5562 praeeminentia
1791 5494 1823 5548 et
1845 5495 2000 5564 potestate
2023 5487 2093 5549 iun·

1347 5585 1461 5656 gentes
1483 5586 1515 5640 et
1536 5579 1715 5650 iuncturos,
1733 5580 1855 5641 sublata
1870 5580 1916 5641 eis
1932 5588 1964 5642 et
1979 5597 2092 5643 eorum

1346 5672 1477 5734 cuilibet
1503 5674 1614 5750 quavis
1641 5675 1734 5736 aliter
1764 5674 2093 5736 1311333113113133

1346 5768 1493 5844 pretandi
1518 5767 1937 5840 1333113133133313111313,
1962 5769 2091 5831 13113311

1347 5866 1379 5922 31
1400 5861 1527 5924 deliniri
1549 5862 1686 5934 debere;
1703 5862 1879 5922 3311111331
1897 5871 1929 5924 et
1943 5863 2048 5934 inane,
2066 5864 2091 5924 si

1347 5971 1448 6026 33333,
1482 5970 1579 6032 super
1607 5954 1691 6016 11133
1719 5970 1879 6033 quoquam
1908 5957 2018 6034 quavis
2040 5975 2093 6019 au·

2131 575 2181 632 An.
2196 576 2223 632 G.
2239 573 2314 630 1675

2144 1197 2337 1240 praesentiunt

2112 1249 2266 1294 litterarum
2287 1247 2340 1292 ob-

2113 1303 2274 1348 servantiam
2288 1302 2341 1344 de-

2113 1356 2259 1402 mandatae
2270 1367 2342 1408 snp-

2113 1410 2182 1466 plet
2217 1419 2264 1454 om
2274 1420 2288 1452 n
2298 1418 2342 1450 es

2112 1474 2267 1560 quoscumq.
2288 1462 2342 1504 de·
2402 1467 2403 1470 ’

2122 1521 2202 1562 33133.

2136 4935 2272 4977 [toeneium
2299 4936 2340 4977 ir·-

2113 4985 2206 5032 111333.
