4814 6998
517 536 581 604 288

496 679 676 742 vacantium
694 687 755 740 tam
779 677 963 756 episcopalis
989 676 1141 739 ecclesiae
1164 676 1245 738 Gon-

496 772 691 842 stantiensis,
704 787 799 848 quam
822 771 1061 848 praepositurae
1083 787 1161 834 rere
1177 770 1246 832 nul·

498 865 558 926 lius
572 864 676 927 Sancti
690 863 752 926 Viti
765 863 947 926 Eiracensis
959 880 1021 926 una
1033 880 1106 925 cum
1119 865 1184 926 suis
1200 881 1246 925 ca-

499 958 616 1036 pitulis,
642 959 678 1020 ad
701 958 850 1020 ellectum
876 957 978 1018 libere
995 959 1187 1036 procedendi
1210 959 1246 1020 ad

498 1052 578 1114 inira
601 1051 749 1114 dicendas
772 1067 870 1112 novas
893 1051 1101 1114 ecclesiarum
1115 1053 1248 1114 erectio-

498 1160 555 1206 nes
578 1161 611 1206 ac
634 1145 830 1206 dioecesium
857 1143 1181 1222 circumscriptiones,
1205 1151 1248 1206 at-

498 1253 561 1315 que
576 1237 714 1300 ulterius
738 1238 947 1300 immutamus
972 1245 1170 1315 praesentem
1188 1245 1248 1300 sta-

499 1339 566 1393 tum
597 1329 822 1409 episcopalium
846 1330 1059 1391 Ecclesiarum
1092 1330 1249 1407 liogunti-

393 1455 394 1458 ¹
499 1442 557 1488 nae
579 1443 613 1487 ac
635 1424 869 1494 Fuldensis,ita
892 1431 927 1484 ut
948 1424 1033 1486 illua
1055 1439 1248 1500 quocunque

498 1519 734 1597 metropolitico
755 1519 826 1580 iure
856 1517 1094 1595 hrchiepiscopi
1121 1517 1248 1580 blechli-

498 1614 617 1676 niensis
639 1613 772 1674 omnino
793 1611 951 1672 subtracta
974 1617 1092 1672 elnon
1114 1609 1249 1688 amplius

498 1707 697 1785 dispositioni
719 1712 901 1768 nostrarum
926 1704 1106 1766 litterarum
1126 1711 1248 1782 aposto-

498 1801 631 1862 licarum
663 1798 886 1878 incipientium
912 1797 1009 1871 «Qui
1042 1797 1159 1858 Christi
1190 1797 1248 1858 llo-

500 1894 612 1956 mini»
631 1894 774 1956 datarum
797 1891 890 1955 tertio
909 1891 1054 1953 calendas
1070 1890 1250 1952 decembris

498 1988 571 2050 anni
593 1986 754 2048 millesimi
779 1985 1036 2062 octingentesimi
1061 1985 1154 2063 primi
1177 1985 1251 2046 sub-

499 2083 577 2144 iecta
600 2086 774 2150 remaneat,
791 2086 886 2155 atque
906 2079 963 2140 isla
979 2097 994 2140 a
1011 2078 1152 2154 regulari
1167 2084 1250 2139 statu

500 2192 556 2254 per
579 2175 653 2236 alias
674 2171 859 2252 apostolicas
889 2172 1011 2234 litteras
1034 2173 1088 2234 iel.
1111 2187 1248 2233 memor.

501 2267 662 2331 benedicti
679 2267 794 2329 decimi
810 2265 913 2340 quarti
928 2264 1180 2342 praedecessoris
1196 2281 1251 2326 no-

499 2361 574 2432 stri,
608 2375 743 2438 quarum
772 2359 900 2422 initium,
929 2359 997 2420 «ln
1021 2357 1252 2436 ¹spostolicae»

500 2455 683 2526 resistituto,
701 2455 736 2514 ad
753 2460 871 2515 statum
894 2453 1090 2513 saecularem
1105 2453 1251 2514 translata

500 2549 715 2634 intelligatur3
744 2565 779 2608 ac
801 2545 943 2618 scientia,
968 2545 1198 2608 deliberatione
1220 2553 1253 2607 et

502 2649 656 2719 potestate
678 2640 847 2710 similibus,
872 2641 907 2701 ad
937 2640 1167 2716 omnipotentis
1196 2639 1250 2700 Dei

502 2734 649 2810 gloriam,
667 2733 865 2794 orthodoxae
888 2733 960 2794 iidei
978 2733 1204 2795 exaltationem
1220 2742 1253 2796 et

500 2828 672 2890 catholicae
705 2827 869 2904 religionis
901 2827 1155 2896 incrementum,
1187 2827 1251 2889 Fri·

442 2967 444 2972 .
502 2923 640 2998 burgum
664 2920 849 2998 Brisgoviae
871 2919 1030 2981 civitatem
1061 2919 1250 2998 principem,

501 3015 681 3077 studiorum
693 3015 851 3076 academia
866 3013 1000 3090 aliisque
1013 3013 1252 3076 fundationibus

502 3109 662 3186 insignem
678 3115 773 3184 atque
793 3125 808 3168 a
827 3121 944 3168 novem
968 3106 1056 3167 mille
1072 3108 1252 3186 etamplius

503 3203 627 3264 civibus
643 3201 859 3272 inhabitatam,
873 3201 906 3262 iu
922 3201 1083 3263 civitatem
1099 3201 1252 3279 archiepi-

503 3297 674 3374 scopalem,
691 3313 725 3357 ac
739 3294 989 3358 celeberrimum
1014 3295 1170 3372 templum
1193 3296 1253 3356 sub

506 3391 597 3452 titulo
610 3388 844 3466 assumptionis
859 3388 971 3448 Beatae
985 3387 1097 3450 llariae
1111 3387 1254 3465 Virginis

504 3485 535 3545 iu
552 3482 718 3545 ecclesiam
733 3481 1035 3560 archiepiscopalem
1049 3489 1081 3542 et
1094 3481 1239 3559 parochia

505 3578 590 3650 lem3
615 3576 798 3654 pariterque
820 3575 1079 3651 llottenburgum
1102 3576 1138 3636 ad
1166 3573 1253 3636 Nica-

506 3687 589 3742 rum,
607 3669 683 3732 olim
707 3674 799 3746 caput
818 3669 955 3730 liucatus
970 3667 1253 3744 llohenbergensis

506 3766 537 3826 in
560 3764 667 3826 medio
695 3761 795 3838 Regni
826 3761 1106 3838 wirtembergiae,
1129 3761 1161 3822 in
1188 3777 1252 3838 quo

507 3857 643 3920 tribuual
667 3855 849 3935 provinciae
871 3855 993 3926 existit,
1028 3855 1179 3931 quodque
1207 3856 1253 3916 in-

505 3951 600 4013 colar.
615 3949 758 4026 quinque
771 3947 870 4010 millia
881 3947 1050 4024 quingenti
1066 3948 1253 4023 inhabitant,

506 4047 538 4108 in
561 4044 721 4106 civitatem
745 4040 968 4120 episcopalem,
993 4041 1024 4102 in
1049 4043 1159 4106 eadem
1184 4059 1255 4120 per-

506 4139 648 4217 amplum
680 4135 836 4214 templum
864 4135 924 4197 sub
952 4135 1154 4199 invocatione
1177 4136 1252 4200 San-

506 4231 547 4294 cti
572 4231 695 4294 llartini
717 4229 864 4309 Episcopi
879 4236 911 4291 et
926 4229 1137 4301 Gonlessoris,
1155 4232 1188 4292 in
1204 4249 1252 4294 ec-

505 4325 634 4390 clesiam
648 4324 872 4403 episcopalem
890 4339 1025 4386 necnon
1041 4323 1254 4402 Limburgum

506 4420 543 4482 ad
567 4419 724 4489 Lahnum,
741 4417 840 4480 lertili
855 4419 935 4489 solo,
953 4418 985 4478 in
996 4417 1103 4480 medio
1119 4416 1255 4479 Ducatus

506 4512 650 4574 Nasovici
672 4513 781 4584 situm,
806 4521 839 4576 et
861 4513 908 4574 bis
930 4511 1020 4574 mille
1035 4511 1255 4590 septingentos

506 4606 673 4668 continens
691 4607 895 4678 habitatores
913 4607 945 4667 in
965 4607 1091 4668 civitate
1107 4606 1256 4666 similiter

507 4699 732 4778 episcopalem,
757 4707 789 4762 et
811 4700 842 4762 iu
865 4700 918 4762 illa
940 4699 1081 4762 existens
1099 4699 1256 4776 templum

508 4793 567 4853 suh
589 4793 791 4855 invocatione
814 4792 920 4855 Sancti
940 4793 1081 4868 Georgii,
1101 4793 1132 4852 in
1157 4793 1257 4854 eccle-

508 4887 585 4948 siam
608 4887 686 4949 item
710 4886 922 4965 episcopalem
946 4903 1018 4947 cum
1042 4887 1191 4947 omnihus
1210 4885 1256 4946 iu-

509 4981 607 5053 ribus,
618 4980 903 5049 iurisdictionibus,
916 4979 1187 5056 praeeminentiis,
1203 4980 1257 5040 ho·

509 5075 641 5136 nuribus
671 5081 703 5136 et
731 5072 910 5151 privilegiis
939 5071 1198 5150 archiepiscopali
1226 5077 1257 5133 et

509 5167 741 5246 episcopalibus
763 5167 943 5244 respective
965 5167 1094 5228 sedibus
1110 5165 1257 5242 legitime

509 5260 776 5338 competentibus,
793 5266 951 5338 perpetuo
966 5259 1121 5337 erigimus
1138 5265 1170 5322 et
1184 5277 1257 5322 con-

508 5354 681 5416 stituimus.
701 5355 885 5416 untedictae
899 5369 978 5416 vero
994 5355 1258 5433 metropolitanae

510 5447 661 5510 ecclesiae
693 5446 902 5523 Friburgensi
934 5447 1087 5524 praelatas
1119 5455 1257 5524 quatuor

510 5541 705 5619 episcopales
738 5539 884 5603 ecclesias
917 5539 1152 5616 bloguntinam,
1186 5541 1258 5602 Ful-

510 5636 654 5708 densem,
667 5635 980 5712 llottenburgensem
997 5653 1031 5696 ac
1047 5634 1258 5710 Limburgen-

509 5745 577 5792 sem
599 5729 814 5806 sullraganeas
834 5730 1044 5806 assignamus.

549 5825 568 5898 ᾖ
587 5825 615 5884 d.
630 5823 729 5886 Porro
745 5823 911 5901 quodlibet
926 5822 1101 5901 capitulum
1115 5831 1175 5884 tam
1192 5837 1259 5883 me-

512 5917 720 5996 tropolitanae
752 5917 997 5994 Friburgensis,
1031 5931 1124 5993 quam
1156 5916 1259 5976 callie-

1030 555 1220 606 TRAGTATUS
1242 557 1298 605 sut]
1322 556 1534 606 cohcouhxrx

1300 677 1437 740 dralium
1468 679 1672 742 ecclesiarum
1698 677 1902 756 lloguntinae
1924 698 1956 742 ac
1980 679 2054 742 llot-

1302 773 1529 851 tenburgensis
1545 791 1583 836 ex
1599 773 1691 835 unica
1714 774 1882 836 decanatus
1898 775 2053 850 dignitate

1302 874 1334 928 et
1354 883 1410 928 sex
1441 868 1697 930 canonicatibus:
1722 867 1883 930 lluldense
1912 884 1992 931 vero
2015 888 2054 932 ex

1302 961 1458 1036 dignitate
1481 962 1650 1022 decanatus
1679 967 1711 1021 et
1732 968 1870 1037 quatuor
1893 964 2056 1024 canonica-

1304 1053 1407 1128 tibus3
1436 1071 1470 1116 ac
1493 1053 1728 1130 limburgense
1751 1069 1790 1114 ex
1818 1055 1988 1116 decanatus
2010 1056 2055 1117 di-

1304 1147 1434 1224 gnitate,
1459 1164 1493 1207 ac
1515 1147 1658 1224 quinque
1680 1145 1927 1218 canonicatibus,
1949 1164 2056 1226 respe-

1303 1241 1386 1304 ctire
1402 1239 1612 1314 constabunt;
1630 1257 1663 1302 ac
1679 1240 1822 1316 insuper,
1840 1241 1875 1302 ad
1893 1242 2056 1304 ministro-

1305 1349 1375 1395 rum
1400 1347 1576 1396 numerum
1598 1331 1832 1408 aliquantulum
1855 1335 2054 1412 augendum,

1303 1443 1360 1489 sex
1391 1428 1423 1488 in
1457 1427 1667 1502 llriburgensi
1701 1443 1735 1487 ac
1767 1425 2052 1505 ilottenburgensi,

1305 1529 1441 1597 quatuor
1456 1522 1488 1582 iu
1506 1520 1692 1596 lloguntina
1707 1526 1739 1582 et
1754 1519 1915 1592 luidensi,
1930 1523 2056 1583 aeduae

1304 1614 1337 1675 in
1360 1613 1584 1689 limburgensi
1609 1613 1789 1690 respective
1811 1613 1951 1675 ecclesiis
1968 1629 2057 1692 prae-

1306 1706 1427 1770 bendae
1449 1723 1505 1767 seu
1521 1705 1657 1768 vicariae
1674 1721 1732 1784 pro
1754 1707 1886 1768 totidem
1905 1707 2057 1784 praeben-

1305 1801 1383 1861 datis
1406 1817 1463 1862 seu
1493 1800 1619 1861 vicariis
1647 1807 1744 1861 erunt
1771 1799 2053 1863 constabiliendae.

1303 1893 1482 1970 Unicuique
1505 1903 1611 1955 autem
1635 1909 1673 1955 ex
1691 1894 1878 1956 memoratis
1897 1895 2054 1970 capitulis,

1305 1993 1341 2047 ut
1364 2002 1420 2063 pro
1442 1986 1530 2048 chori
1554 1988 1698 2058 servitio,
1718 2003 1775 2064 pro
1792 1987 2055 2048 distributionum

1306 2089 1337 2141 et
1359 2080 1496 2142 aliorum
1520 2079 1743 2155 quorumlibet
1758 2080 2055 2143 emolumentorum

1306 2174 1473 2245 divisione,
1493 2189 1549 2250 pro
1566 2189 1700 2235 onerum
1725 2175 1980 2252 supportatione,
2000 2189 2057 2250 pro

1307 2283 1416 2328 rerum
1439 2284 1472 2328 ac
1494 2267 1612 2328 iurium
1638 2273 1701 2328 tam
1722 2265 1934 2344 spiritualium
1961 2281 2054 2342 quam

1307 2360 1531 2438 temporalium
1556 2375 1711 2437 prospero
1730 2359 1881 2436 lelicique
1897 2359 2056 2436 regimine

1306 2471 1340 2515 ac
1360 2454 1536 2516 directione
1552 2468 1763 2530 quaecunque
1779 2461 1905 2526 statuta,
1924 2454 2057 2531 capitula

1306 2557 1338 2610 et
1353 2549 1490 2619 decreta,
1503 2549 1587 2610 licita
1604 2555 1710 2610 tamen
1726 2556 1757 2610 et
1774 2549 1905 2610 honesta
1922 2555 1953 2608 et
1965 2563 2057 2607 cano·

1307 2643 1384 2705 uicis
1407 2643 1529 2719 regulis
1554 2642 1685 2704 minime
1708 2640 1993 2712 adversantia,sub
2010 2655 2059 2700 re-

1306 2737 1450 2814 spectivi,
1466 2752 1522 2812 pro
1540 2744 1686 2813 tempore
1703 2736 1879 2806 existentis,
1897 2733 2055 2796 Antistitis

1309 2831 1532 2908 praesidentia,
1556 2830 1755 2908 inspectione
1776 2837 1808 2891 et
1828 2828 2056 2906 adprobatione

1307 2924 1446 2985 condere
1468 2929 1562 3000 atque
1586 2923 1695 2997 edere,
1712 2939 1771 2984 nec
1793 2938 1857 2983 non
1874 2921 1993 2997 gratiis,
2013 2921 2056 2982 in-

1307 3017 1451 3094 signibus
1472 3033 1505 3078 ac
1527 3016 1716 3094 privilegiis.
1735 3015 1851 3092 quibus
1873 3015 1932 3076 alia
1954 3016 2058 3076 cathe-

1308 3111 1443 3172 dralium
1467 3111 1673 3172 ecclesiarum
1696 3112 1728 3172 in
1751 3109 1814 3172 illis
1838 3109 1979 3187 partibus
2009 3125 2055 3168 ca-

1310 3205 1405 3282 pitula
1429 3205 1574 3280 legitime
1597 3203 1750 3266 iruuntnr
1772 3211 1805 3265 et
1827 3205 1977 3280 gaudent,
1995 3201 2058 3262 lrui

1308 3305 1340 3359 et
1362 3299 1502 3380 gaudere
1525 3298 1626 3358 libere
1648 3314 1682 3357 ac
1707 3297 1789 3358 licite
1813 3298 1933 3374 possint
1954 3305 1987 3360 et
2008 3311 2060 3356 ra-

1308 3391 1403 3461 leaut,
1428 3391 1586 3452 licentiam
1605 3397 1637 3452 et
1660 3389 1840 3452 laenitatem
1857 3390 2061 3450 concedimus

1308 3501 1341 3546 ac
1362 3485 1580 3561 impertimur.

1348 3579 1367 3652 ᾖ
1389 3579 1417 3639 i.
1442 3577 1582 3639 Cuilibet
1602 3577 1746 3655 prolecto
1762 3577 1903 3638 lintistiti
1919 3575 2061 3654 supradi-

1308 3677 1430 3733 ctarum
1453 3671 1658 3732 ecclesiarum
1678 3687 1830 3748 expresse
1847 3672 2059 3748 iniungimus,

1309 3771 1355 3838 ut,
1379 3766 1513 3826 serratis
1544 3765 1726 3835 servandis
1750 3763 1883 3841 deputet
1905 3780 1944 3824 ex
1965 3779 2056 3824 cano-

1305 3857 1387 3918 'nicis
1411 3873 1523 3928 unum,
1538 3857 1594 3934 qui
1617 3872 1734 3917 munus
1750 3857 1986 3934 poenitentiarii
2001 3863 2063 3917 sta·

1310 3951 1416 4013 biliter
1440 3959 1602 4022 exerceat,
1619 3967 1653 4012 ac
1676 3949 1833 4022 alterum,
1857 3968 1873 4012 a
1896 3965 1960 4027 quo
1975 3963 2060 4012 sacra

1310 4045 1466 4122 scriptura
1487 4045 1576 4106 statis
1598 4044 1711 4106 diebus
1734 4043 1854 4122 populo
1870 4051 2060 4122 exponatur,

1310 4138 1373 4208 vel,
1393 4139 1418 4198 si
1441 4137 1548 4200 minus
1571 4137 1740 4200 commode
1762 4137 1904 4198 canonici
1926 4137 1961 4196 ad
1987 4137 2063 4196 haec

1311 4247 1444 4294 munera
1466 4231 1610 4309 deputari
1641 4230 1780 4308 possint,
1810 4229 1968 4292 curabunt
1991 4229 2062 4306 lipi-

1310 4327 1407 4402 scopi‚
1436 4333 1472 4388 ut
1502 4325 1690 4387 muneribus
1723 4324 1907 4385 huiusmodi
1934 4324 1972 4385 ab
1994 4323 2062 4384 allis

1311 4420 1434 4482 idoneis
1452 4419 1647 4496 presbyteris
1669 4418 1743 4479 satis
1765 4418 1829 4488 liat,
1843 4423 1942 4493 utque
1959 4417 2063 4478 media

1311 4513 1346 4574 ad
1371 4527 1549 4590 congruam
1569 4513 1714 4575 laborum
1733 4513 1914 4573 mercedem
1933 4511 2063 4589 preshy-

1313 4606 1389 4676 teris
1417 4605 1491 4684 ipsis
1514 4607 1759 4683 comparandam
1785 4613 1966 4683 opportune
1992 4620 2063 4666 con-

1311 4700 1492 4776 quirantur.

1352 4792 1414 4868 §b
1429 4791 1575 4868 Cumque
1587 4793 1622 4854 ad
1642 4793 1872 4870 praescriptum
1889 4792 1967 4853 sacri
1984 4791 2064 4853 Cou-

1312 4887 1375 4949 cilii
1399 4887 1577 4948 Tridentini
1600 4901 1657 4962 pro
1673 4885 1751 4947 cleri
1767 4887 1955 4947 educatione
1970 4901 2004 4946 ac
2018 4885 2065 4945 in-

1312 4981 1480 5042 stitutione
1514 4977 1729 5039 Seminarium
1761 4993 1937 5056 puerorum
1967 4978 2065 5039 eccle-

1312 5073 1472 5135 siasticum
1505 5071 1543 5133 ab
1576 5071 1732 5150 Episcopo
1754 5071 1856 5133 libere
1882 5072 2063 5148 regendum

1314 5174 1345 5228 et
1366 5165 1654 5228 administrandum
1677 5165 1817 5226 existere
1830 5163 1943 5226 debeat
1955 5165 1987 5224 in
2002 5164 2065 5224 sin-

1314 5261 1398 5338 gulis
1431 5275 1470 5322 ex
1506 5260 1674 5336 praedictis
1709 5267 1771 5320 tam
1806 5257 2065 5336 archiepiscopali

1314 5369 1410 5431 quam
1434 5353 1666 5431 episcopalibus
1689 5352 1842 5423 ecclesiis,
1866 5352 1921 5413 ubi
1951 5353 1976 5412 is
1998 5352 2063 5414 alu·

1314 5463 1464 5508 mnorum
1498 5447 1599 5508 alatur
1630 5461 1802 5518 numerus,
1831 5461 1927 5523 quem
1959 5462 2066 5523 respe·

1314 5543 1415 5604 olivae
1438 5541 1592 5602 dioecesis
1616 5542 1788 5603 necessitas
1810 5552 1842 5604 et
1862 5541 1982 5602 utilitas
2012 5557 2066 5616 po-

1313 5635 1426 5710 stulat3
1458 5650 1598 5712 euntque
1628 5636 1661 5696 in
1690 5642 1827 5711 quatuor
1849 5650 1889 5695 ex
1919 5633 2064 5695 illistam

1314 5729 1425 5791 adesse
1441 5729 1591 5791 sciamus:
1611 5729 1642 5790 in
1659 5727 1781 5804 reliqua
1797 5721 1940 5796 ecclesia,
1956 5741 2067 5803 quam·

1317 5823 1455 5899 primum
1470 5823 1599 5899 poterit,
1613 5837 1757 5898 congrue
1773 5821 1963 5896 erigendum
1981 5833 2066 5880 man-

1315 5915 1437 5976 damus.
