4756 6994
316 543 493 622 1111111
553 563 609 626 tna

1053 580 1118 626 11111.
1143 581 1235 626 PONT.
1259 581 1300 626 DE
1323 581 1353 626 Ρ.
1377 581 1407 626 F.
1431 580 1515 626 PARS
1537 580 1559 624 1.

2131 562 2184 618 An.
2198 561 2226 620 C.
2242 563 2306 620 1151

532 699 622 775 quies
644 698 831 775 ignorantes
848 707 1015 777 praecepta
1030 698 1087 760 liei
1103 703 1135 759 et
1150 714 1185 760 ea
1201 713 1282 775 quae
1302 678 1330 760 ¹.
1377 697 1492 759 Datum
1521 695 1650 767 Romae,
1681 696 1763 774 apud
1787 695 1817 759 S.
1843 696 1971 759 llariam
2000 698 2092 760 11110-
2132 737 2134 742 .

531 791 731 854 adsalutem
761 799 837 853 sunt
869 791 1068 862 docuerunt,
1099 797 1153 852 aut
1184 791 1284 868 quod·

532 899 671 962 cnmque
699 885 784 947 alind
817 884 941 963 pietatis
963 885 1015 946 vel
1045 885 1181 946 raritatis
1204 900 1283 963 opus

533 978 750 1050 exercuerint,
774 978 870 1041 toties
896 993 954 1056 pro
984 977 1129 1055 quolibet
1157 993 1284 1056 praece-

532 1079 663 1151 ptorum
685 1071 747 1134 diei
771 1071 924 1134 exercitio
943 1071 1119 1152 sexaginta
1147 1071 1215 1133 dies
1245 1071 1284 1133 de

533 1165 684 1228 iniunctis
707 1166 753 1227 cis
775 1181 833 1226 sen
855 1165 924 1227 aliis
947 1164 1149 1242 quomolibet
1170 1164 1284 1228 debitis

532 1259 751 1338 poenitentiis,
769 1260 801 1320 in
817 1259 919 1320 torma
940 1257 1098 1320 Ecclesiae
1118 1265 1282 1330 consueta,

533 1353 726 1425 relaxamus,
752 1353 972 1431 praesentibus
994 1351 1110 1413 iuturis
1133 1353 1285 1430 tempori·

533 1449 592 1510 bns
615 1447 771 1510 valituris.
796 1446 954 1509 Volumus
976 1451 1083 1508 autem
1106 1451 1151 1517 ut,
1168 1445 1192 1506 si
1215 1445 1285 1506 aliis

536 1541 660 1604 devotis
676 1535 890 1602 c'oniratribus
907 1545 939 1600 et
953 1537 1181 1600 consororibus
1196 1554 1286 1616 prae·

532 1635 629 1696 missa
641 1632 880 1712 peragentibus,
895 1631 998 1710 aliqua
1014 1631 1072 1692 alia
1085 1631 1286 1708 induigentia

535 1737 693 1807 perpetuo
709 1725 760 1789 vel
776 1727 813 1788 ad
828 1734 957 1803 tempus
973 1726 1117 1788 nondum
1140 1725 1285 1803 elapsum

535 1823 687 1883 duratura
706 1835 856 1882 concessa
878 1820 987 1892 luerit,
1008 1825 1193 1898 praesentes
1214 1817 1284 1880 nul-

533 1916 582 1976 lae
604 1915 685 1990 sint3
709 1919 821 1990 utque,
846 1913 872 1975 si
898 1914 1013 1976 devota
1040 1912 1284 1976 confraternitas

535 2009 628 2070 alicui
643 2008 735 2070 alteri
751 2006 1006 2070 confraternitati
1028 2013 1200 2084 aggregata
1222 2006 1283 2068 iarn

532 2104 574 2165 sit
588 2102 641 2164 vel
657 2103 870 2181 imposterum
887 2107 1086 2178 aggregetur
1104 2107 1159 2162 ant
1174 2102 1284 2178 quavis

532 2196 591 2258 alia
609 2195 737 2258 'ratione
759 2197 889 2259 uniatur
911 2195 963 2258 vel
986 2195 1081 2257 etiam
1108 2196 1285 2272 quomodo-

532 2290 611 2352 libet
631 2290 830 2360 instituatur,
854 2290 978 2368 priores
1000 2294 1033 2350 et
1053 2288 1185 2365 quaevis
1206 2287 1284 2349 aliae

533 2383 633 2460 elarg.
657 2383 847 2462 apostolicae
869 2381 933 2446 illis
960 2382 1145 2445 nullatenus
1173 2381 1285 2444 suifra-

533 2484 663 2554 gentur,
687 2479 742 2540 sed
766 2491 806 2540 ex
830 2484 905 2538 tunc
927 2493 965 2538 eo
986 2476 1054 2554 ipso
1078 2476 1186 2538 nullae
1208 2477 1282 2538 sint.

1043 2647 1309 2655 -.-—---——-

469 2801 472 2805 ι
572 2747 601 2798 (l)
618 2743 681 2790 Vide
704 2745 753 2788 101.
770 2747 800 2788 11.
823 2747 897 2788 iaris
920 2749 1002 2789 coust.
1026 2751 1102 2790 litter·
1124 2750 1284 2799 acritttpttces

531 2811 645 2860 01111011,
663 2823 687 2866 p.
701 2813 741 2855 1311
754 2834 780 2842 -
796 2815 941 2856 Praeclara
952 2815 1151 2860 Buritanorum,
1171 2824 1195 2868 p.
1204 2815 1245 2856 191
1258 2836 1284 2844 -

532 2882 573 2923 lim
587 2883 709 2922 tralaticio
725 2883 807 2926 nodia,
826 2891 848 2935 p.
863 2881 900 2922 tat
917 2903 943 2910 -
957 2883 1084 2932 Superata
1099 2884 1281 2933 (inpositione,

530 2957 589 3002 pag.
605 2949 684 2990 15811
701 2949 826 2994 Prot-ida.
846 2959 869 3002 p.
884 2949 931 2990 181.

572 3014 687 3069 Regulas
705 3013 787 3058 buius
802 3013 907 3068 collegii
923 3013 1042 3059 Pontifex
1056 3013 1213 3070 approbavit
1227 3024 1301 3058 con-.

532 3080 619 3126 stitnt.
642 3084 682 3124 lim
705 3084 826 3124 tiatrcrtcto
848 3084 931 3129 110111,
955 3081 1008 3126 iant
1032 3082 1126 3136 relata,
1144 3081 1284 3126 brevitatis

532 3147 644 3200 ratione,
665 3147 723 3191 sine
745 3147 859 3202 regulis,
882 3159 983 3202 verum,
999 3159 1058 3192 cunr
1074 3148 1139 3194 baec
1154 3146 1228 3192 nobis
1243 3160 1283 3192 ex-

532 3213 631 3270 petitae
651 3213 760 3267 isterint,
783 3213 825 3258 bic
848 3214 1064 3260 transcribantur
1085 3226 1116 3260 ex
1138 3222 1219 3259 const.
1243 3218 1283 3259 111

531 3285 654 3325 1111111110
669 3283 750 3324 roobia.

617 3417 922 3476 consulturlonus
943 3421 1009 3477 SEU
1030 3419 1197 3476 REGULAE

545 3564 737 3599 OBSERVANDAE
754 3565 787 3598 nit
802 3565 919 3600 atalanta
936 3565 1011 3599 PONT·
1028 3565 1149 3598 COthliGll
1164 3565 1270 3598 constal

725 3633 745 3666 S
762 3632 904 3666 nanentcrt
919 3631 1091 3666 panamensis.

839 3757 936 3799 curtii·
957 3759 975 3800 1.

532 3890 607 3932 111111
622 3893 746 3937 instituti,
763 3893 788 3932 ct
801 3901 870 3941 orcas
884 3893 1048 3934 corcdtttoncs
1062 3893 1157 3933 babet-c
1174 3892 1284 3934 debeant

666 3960 774 4001 arctarat
789 3961 817 4002 in
837 3959 977 4008 1011111111
996 3960 1149 4009 reclamandi.

572 4089 699 4140 Quoniam
716 4089 759 4145 pia
774 4099 847 4136 mens
862 4090 973 4147 piusque
992 4089 1053 4134 linis
1077 4089 1179 4134 Summi
1199 4090 1284 4134 Ponti·

533 4156 589 4202 licis
604 4156 683 4200 Cletn.
694 4159 757 4206 xli..
767 4155 870 4213 collegii
885 4155 966 4200 btritts
982 4155 1138 4207 fundatoris,
1154 4156 1283 4200 1110111-

532 4223 616 4278 gendo
631 4221 730 4276 1111,11
746 4223 931 4280 spiritualibus
943 4222 1131 4268 aliianensium
1146 4221 1283 4268 necessita·

534 4289 613 4344 tibus,
627 4290 655 4334 in
671 4301 752 4348 regno
767 4289 937 4346 Neapolitano
947 4289 1109 4345 degentium,
1124 4289 1282 4344 consuleret,

532 4357 579 4413 qni
596 4368 691 4415 graeco
711 4359 765 4402 ritu
781 4356 880 4411 vivunt,
900 4360 982 4413 utque
997 4355 1189 4401 ecclesiasticos
1203 4367 1283 4401 curae

532 4423 683 4470 animarum
705 4424 814 4468 illarum
836 4423 942 4468 idoneos
964 4424 1083 4478 haberet,
1102 4435 1133 4468 ac
1148 4435 1210 4468 saue
1225 4425 1283 4468 eius

532 4491 714 4547 perfectionis,
739 4497 768 4536 ut
791 4490 845 4535 vita
867 4490 992 4546 bonisque
1013 4491 1132 4536 moribus
1151 4491 1207 4536 suis
1232 4503 1282 4536 uon

533 4559 620 4604 solnm
635 4559 685 4604 sibi
700 4565 836 4604 aeternam
857 4559 970 4604 salutent
991 4567 1078 4604 ratam
1094 4559 1178 4604 iacere
1194 4571 1283 4615 procu·

533 4631 634 4680 rareut,
649 4626 693 4670 sed
709 4626 791 4670 veluti
811 4626 934 4672 lucernae
950 4625 1051 4682 positae
1071 4637 1151 4682 super
1165 4626 1285 4670 candela·

534 4693 581 4738 bra
601 4693 708 4738 luceant
730 4692 847 4749 populis,
871 4691 1052 4749 peccatoribus
1074 4697 1100 4736 et
1125 4693 1282 4749 praesertim

533 4760 719 4812 schismaticis
740 4765 770 4805 ut
784 4760 810 4804 in
832 4759 900 4805 viam
921 4759 1043 4806 veritatis
1068 4765 1094 4804 et
1110 4759 1230 4805 institiae
1245 4772 1284 4804 re-

534 4831 684 4873 vertantur:
701 4839 784 4884 quare
794 4827 946 4883 iniungitur
961 4828 1095 4884 episcopo,
1107 4827 1225 4872 eiusdem
1236 4829 1283 4873 col·

533 4896 597 4952 legii
616 4907 664 4952 pro
679 4900 798 4952 terttpore
819 4895 990 4952 praesidius
1008 4895 1035 4939 in
1052 4895 1222 4940 alumnorum
1238 4907 1285 4940 nu-

533 4973 637 5008 merum
657 4963 767 5020 recipiat
787 4962 838 5008 arsi
857 4962 903 5018 qui
922 4965 984 5007 xl'l.
999 4960 1096 5008 aetatis
1116 4973 1216 5008 anuum
1232 4973 1282 5008 uon

533 5030 633 5076 inerint
652 5031 766 5086 egressi,
788 5030 829 5076 vel
848 5029 1032 5076 duodecimum
1053 5041 1103 5076 non
1125 5030 1282 5087 attigerint;

533 5107 646 5152 quorum
662 5096 762 5140 indoles
777 5095 873 5152 pietati
887 5104 915 5141 et
935 5096 1035 5142 litteris
1056 5097 1142 5142 tacitis
1164 5109 1226 5154 prae
1246 5109 1285 5142 ce·

533 5163 599 5208 teris
618 5163 749 5218 videatur,
769 5163 867 5220 quique
887 5163 954 5210 alios
970 5164 996 5208 in
1013 5164 1094 5209 talem
1110 5165 1152 5209 sui
1167 5167 1284 5220 expecta-

533 5229 632 5276 tionem
648 5231 789 5284 adducant,
804 5237 835 5274 nt
848 5230 980 5276 Ecclesiae
995 5229 1101 5276 utiliter
1116 5230 1242 5275 servituri
1258 5238 1294 5276 et·

532 5298 714 5354 proximorum
733 5297 873 5343 animabus
893 5298 1025 5353 profuturi
1041 5297 1116 5344 iacile
1131 5297 1283 5344 credantur.

532 5365 592 5410 Ideo
607 5365 664 5410 sine
677 5363 895 5410 attestationibus
911 5363 1045 5411 ordinarii
1061 5364 1172 5423 quisque
1187 5365 1237 5422 tui,
1252 5378 1283 5410 ex

532 5432 629 5490 quibus
652 5433 734 5479 eiiam
758 5435 861 5478 constet
884 5445 928 5478 sos
950 5432 977 5478 ln
999 5433 1177 5489 grammatica
1198 5433 1283 5480 latina

533 5507 652 5546 versatos
667 5503 693 5545 et
703 5511 797 5556 graece
809 5504 870 5557 apte
885 5501 983 5556 legere,
994 5511 1041 5545 nec
1050 5500 1158 5546 admitti
1173 5501 1283 5558 possint,

532 5579 580 5613 nec
589 5568 710 5613 debeant.
721 5571 809 5624 Neque
820 5566 983 5624 recipiantur
991 5568 1048 5613 sine
1058 5567 1282 5614 testimonialibus

532 5635 633 5681 litteris
656 5635 780 5693 baptismi
796 5635 845 5680 sibi
866 5635 1282 5692 311111011111011111,0101110

532 5713 564 5747 ex
587 5701 708 5758 legitimo
733 5701 904 5748 matrimonio
928 5713 1010 5758 enque
1034 5706 1148 5759 utroque
1172 5707 1281 5760 parente

532 5770 651 5816 eiusdem
667 5770 736 5815 ritus
751 5770 840 5826 graeei
859 5769 916 5816 nati
931 5770 993 5815 sint.
1011 5771 1128 5816 Habeant
1144 5774 1281 5828 praeterea

532 5837 639 5883 litteras
661 5837 856 5882 testimoniales
878 5835 1041 5894 patrimonii,
1057 5841 1084 5882 et
1098 5838 1167 5893 quod
1182 5838 1221 5882 rei
1236 5837 1283 5884 cri-

533 5904 613 5949 minis
634 5904 747 5950 alicuius
769 5915 821 5950 non
843 5901 911 5959 sint,
930 5916 977 5950 nec
996 5904 1152 5950 canonicum
1175 5903 1282 5962 impedi-

533 5975 652 6017 mentum
674 5971 864 6017 contraxerint.
881 5977 915 6017 111
929 5972 1025 6018 barum
1047 5970 1153 6028 quidem
1173 5975 1284 6016 attesta-

1339 807 1428 863 rem,
1455 791 1515 852 sub
1543 789 1662 852 annulo
1689 789 1812 862 esest,
1837 790 1888 853 die
1916 807 1985 852 vni.
2018 791 2093 852 maii

1339 899 1557 955 succursui,
1576 883 1778 962 pontificatus
1799 885 1901 946 nostri
1922 901 2006 947 anno
2021 901 2069 946 ut.

1687 1166 1740 1230 tv.

1341 1352 1544 1416 Sacerdotem
1579 1354 1714 1416 Felicem
1753 1353 1930 1418 Santaeiem
1969 1354 2092 1418 Rodotd

1380 1447 1490 1527 groeci
1512 1447 1597 1508 ritas
1626 1447 1741 1511 laudat
1769 1447 1806 1508 de
1834 1446 2092 1528 1111111811-

1379 1540 1486 1602 metrii
1508 1541 1719 1620 itatis-praeci
1737 1540 1876 1604 Carsioli
1896 1543 2090 1622 rsatascopati¹

1380 1633 1416 1694 ia
1429 1633 1633 1694 Bisimiaaea.
1647 1633 1791 1704 dioecesi,
1804 1651 1899 1707 cara·
1914 1635 2017 1714 ipsam
2032 1635 2092 1698 coi·

1383 1727 2015 1808 1111111111111111111111111111101111.
2032 1729 2089 1810 (1).

1500 1911 1687 1978 61ΕΜΕΝ8
1712 1911 1930 1978 [Pisaurus

1526 2090 1635 2140 servus
1663 2091 1818 2140 servorum
1843 2073 1905 2149 liei,

1459 2194 1494 2260 ed
1517 2199 1692 2278 perpetuen
1719 2197 1762 2260 rei
1787 2196 1967 2261 memoriam.

1381 2385 1463 2447 Dum
1487 2402 1534 2455 ea,
1552 2401 1632 2462 quae
1654 2403 1669 2446 a
1692 2385 1783 2448 nobis
1806 2386 1842 2446 ad
1865 2386 2090 2448 enutriendam

1339 2493 1422 2556 puro
1444 2477 1640 2556 coelestique
1662 2479 1853 2550 litterarum,
1878 2495 2023 2541 necnon
2046 2479 2091 2542 di-

1341 2747 1443 2792 tionum
1459 2757 1551 2792 curant
1568 2747 1674 2792 babebit
1690 2747 1815 2804 isquam
1831 2759 1937 2803 praeses
1948 2747 2090 2804 Episcopus

1339 2813 1517 2870 deputaverit,
1533 2817 1562 2858 ut
1577 2814 1728 2870 propositus
1747 2813 1850 2858 invenis
1865 2814 1905 2858 vel
1921 2815 2089 2865 admittatur,

1340 2880 1381 2926 vel
1400 2880 1572 2926 excludatur:
1594 2881 1806 2937 quandoquidem
1826 2893 1857 2926 ex
1878 2881 2029 2926 huiusmodi
2049 2882 2091 2926 de·

1339 2947 1410 2992 lectu
1435 2957 1512 2992 crntte
1536 2948 1633 2992 bortum
1657 2947 1762 3003 collegii
1786 2948 1921 3005 dependet.
1949 2949 2008 2993 Ideo
2032 2959 2090 2994 cou-

1340 3013 1458 3058 scientiis
1469 3012 1670 3060 ordinariorum
1681 3013 1802 3059 districte
1813 3026 1879 3060 onus
1891 3014 2041 3070 iniungitur
2052 3019 2089 3068 ut,

1340 3085 1363 3125 S.
1384 3081 1551 3126 visitationis
1572 3081 1715 3136 occasione,
1738 3081 1883 3138 ingenium,
1902 3081 2017 3128 indolem
2037 3093 2089 3126 mo-

1340 3159 1435 3204 resque
1450 3148 1575 3194 iuvenum
1591 3148 1756 3204 perquirant,
1776 3149 1859 3204 deque
1875 3148 1973 3192 eisdem
1989 3148 2090 3204 Episco-

1340 3227 1411 3272 pum,
1432 3215 1580 3272 praesidem
1597 3216 1710 3272 collegii,
1728 3215 1768 3260 vel
1788 3217 1867 3262 buius
1888 3219 2018 3260 rectorem
2034 3215 2091 3260 edo

1339 3289 1424 3335 ceant,
1439 3285 1508 3340 apud
1525 3295 1590 3340 qnos
1607 3295 1751 3329 concursus
1767 3284 1902 3328 habendus
1919 3283 1979 3330 erit.
1990 3287 2017 3326 et
2032 3282 2090 3326 iteri

1340 3351 1433 3395 electio
1448 3363 1495 3406 per
1510 3355 1612 3396 secreta
1626 3350 1763 3407 sulit-agia,
1780 3357 1809 3396 nt
1824 3350 1943 3404 subinde,
1958 3349 2032 3394 iuxta
2047 3349 2090 3394 bo·

1339 3429 1400 3463 rum
1424 3417 1624 3475 pluralitatem,
1649 3429 1755 3476 praeses
1778 3418 1919 3464 alumnum
1941 3417 2042 3473 deligat
2063 3421 2090 3460 et

1341 3485 1467 3530 nominet.
1479 3484 1626 3540 Diligenter
1635 3491 1725 3530 tamen
1735 3485 1976 3538 animadvertatur,
1988 3484 2089 3540 nequis

1339 3553 1372 3597 ad
1387 3551 1540 3598 huiusmodi
1550 3563 1716 3604 concursum,
1728 3551 1854 3608 praelatis
1869 3551 2015 3596 destitutus
2025 3555 2091 3596 atte-

1340 3619 1501 3666 stationibus
1524 3625 1550 3664 et
1574 3619 1720 3676 requisitis,
1739 3618 1909 3665 admittatur.
1934 3619 2009 3664 circa
2029 3631 2090 3664 vero

1340 3686 1527 3732 admissionem
1543 3688 1721 3741 alumnorum,
1737 3687 1782 3742 qui
1794 3689 1855 3731 sunt
1867 3698 1897 3732 ex
1910 3686 2090 3732 nominatione

1341 3754 1521 3800 cardinalium
1548 3755 1675 3799 abbatum
1701 3753 2005 3807 commendatariorum,
2031 3753 2091 3798 soli·

1340 3827 1406 3876 turn,
1428 3822 1503 3868 iuxta
1524 3821 1709 3866 conventiones
1728 3831 1788 3866 cum
1811 3821 1909 3866 eisdem
1929 3821 2018 3876 initas,
2038 3832 2090 3866 ser·

1339 3893 1424 3936 vetur.
1441 3893 1582 3946 Postquam
1593 3891 1683 3935 autem
1694 3889 1839 3934 examinati
1850 3891 1875 3934 et
1886 3888 1981 3934 delecti
1991 3889 2090 3934 inerint

1339 3956 1451 4010 alumni,
1466 3961 1609 4012 antequam
1628 3954 1769 4010 collegium
1789 3953 1984 4010 ingrediantur,
2002 3958 2089 4000 rector

1339 4035 1355 4068 a
1370 4026 1446 4080 patre
1460 4023 1589 4078 cuiusque
1604 4025 1650 4068 aut
1665 4023 1719 4067 alio
1734 4022 1857 4079 quopiam
1874 4021 1931 4068 eius
1943 4021 2089 4080 propinquo

1339 4090 1529 4145 coniunctiore,
1551 4090 1576 4134 id
1598 4090 1708 4146 collegio
1731 4091 1884 4146 stipuletur,
1906 4091 1975 4146 quod
1996 4100 2090 4136 norma

1340 4157 1438 4203 tradita
1461 4157 1587 4213 Episcopo
1610 4155 1724 4214 praesidi
1747 4157 1956 4212 praescribitur:
1980 4156 2088 4213 ipsaque

1339 4225 1478 4284 stipulatio
1500 4236 1579 4270 ntann
1600 4223 1696 4281 pitrblici
1719 4223 1870 4268 tabellionis
1887 4225 1913 4268 in
1928 4224 2087 4281 scripturam

1340 4293 1487 4350 redigatur.
1503 4293 1550 4336 l'bi
1566 4303 1627 4334 vero
1643 4289 1755 4346 ingressi
1779 4291 1887 4344 inerint,
1902 4295 2028 4336 maneant
2042 4303 2088 4348 per

1339 4362 1426 4406 decem
1448 4360 1504 4405 dies
1524 4360 1550 4404 iu
1570 4359 1627 4404 loco
1647 4358 1773 4403 distincto
1793 4369 1915 4414 segreges
1930 4359 1963 4403 ab
1977 4359 2047 4411 aliis,
2061 4363 2087 4403 et

1339 4427 1403 4472 inibi
1419 4428 1543 4480 babeant,
1558 4427 1603 4482 qui
1618 4437 1662 4471 eos
1672 4426 1704 4470 ad
1716 4425 1841 4482 pietatem
1858 4425 1990 4472 instruat:
2001 4425 2090 4470 detur·

1339 4506 1390 4550 que
1406 4495 1444 4538 eis
1459 4494 1600 4552 peculiaris
1616 4499 1702 4538 rector
1716 4493 1842 4538 alumnus
1857 4493 1902 4548 qni
1914 4492 2025 4548 reliquis
2037 4503 2089 4538 ma·

1340 4561 1453 4606 turilate
1476 4567 1592 4617 praestet
1612 4563 1638 4606 et
1657 4559 1792 4616 exemplo,
1816 4571 1894 4615 quem
1916 4559 2087 4604 domesticam

1339 4627 1506 4684 disciplinam
1532 4627 1708 4680 observaturi,
1731 4627 1758 4670 in
1781 4637 1885 4670 morum
1909 4625 1991 4670 etiarn
2013 4625 2089 4670 insor-

1340 4695 1457 4740 matione
1479 4695 1530 4739 sibi
1552 4698 1673 4740 statuant
1696 4694 1841 4748 exemplar.
1864 4693 1912 4738 Sed
1935 4699 1960 4738 et
1983 4693 2008 4738 in
2024 4693 2088 4750 ipsis

1339 4763 1428 4806 decem
1444 4761 1535 4806 diebus
1549 4761 1733 4808 corilessarius.
1756 4766 1805 4806 aut
1818 4759 1894 4815 alias,
1909 4769 1986 4816 quem
2003 4764 2090 4805 rector

1339 4828 1516 4885 deputaverit,
1536 4840 1580 4873 eos
1599 4828 1786 4885 spiritualibus
1807 4827 1941 4872 exercitiis
1963 4827 2088 4882 detineat,

1340 4907 1514 4952 normamque
1534 4895 1637 4940 visendi
1651 4893 1678 4939 in
1697 4893 1809 4951 collegio
1833 4899 1860 4939 et
1880 4895 2039 4940 domesticas
2053 4894 2090 4938 di·

1340 4963 1466 5019 sciplinae
1480 4961 1676 5008 observantiam
1691 4962 1806 5016 edoceat,
1821 4966 1849 5008 et
1863 4962 1972 5007 iuterim
1985 4961 2088 5006 nullum

1339 5035 1386 5076 aut
1402 5041 1493 5076 eorum
1509 5041 1569 5075 cnm
1585 5029 1654 5086 aliis,
1669 5033 1716 5076 aut
1731 5029 1845 5076 aliorum
1866 5041 1926 5074 cum
1942 5029 2006 5084 ipsis
2021 5039 2088 5074 com·

1341 5097 1469 5142 mercium
1491 5096 1645 5150 intercedat,
1665 5095 1716 5140 nisi
1736 5107 1795 5141 cum
1817 5095 1871 5140 illis
1891 5100 2004 5149 tantum,
2022 5106 2087 5151 quos

1341 5164 1483 5220 praepositi
1505 5163 1699 5220 deputaverint.
1715 5167 1744 5208 ln
1758 5164 1885 5220 praelatis
1899 5161 1979 5208 etiam
1995 5163 2088 5208 diebus

1340 5231 1501 5282 generaliter
1515 5233 1622 5288 peccata
1637 5241 1684 5276 sua
1695 5232 1735 5274 vel
1748 5231 1908 5276 corilessario
1922 5229 2036 5287 collegii,
2047 5232 2087 5275 vel

1340 5298 1390 5352 illi,
1405 5309 1482 5354 quem
1503 5301 1590 5343 rector
1610 5297 1795 5352 assignaverit,
1810 5289 2004 5343 confiteantur:
2019 5299 2087 5354 quod

1340 5365 1362 5410 si
1378 5365 1437 5421 quis
1452 5377 1498 5421 per
1512 5367 1628 5409 aetatem
1649 5363 1736 5408 adbuc
1757 5367 1884 5418 teneram,
1899 5367 1925 5409 et
1940 5367 1969 5410 ut
1984 5363 2088 5410 secedat

1340 5432 1454 5488 ineptus,
1469 5435 1494 5476 et
1510 5435 1540 5476 ut
1554 5430 1683 5476 eiusmodi
1699 5430 1832 5486 generalis
1851 5430 2021 5476 confessionis
2037 5431 2088 5475 iru-

1339 5505 1411 5544 ctum
1435 5498 1571 5555 percipiat,
1593 5497 1681 5554 impar
1702 5497 1791 5552 licerit,
1808 5503 1953 5554 utrumque
1970 5498 1995 5542 in
2013 5497 2087 5542 aliud

1340 5570 1445 5623 tempus
1459 5565 1572 5620 reliciat,
1587 5571 1614 5610 et
1629 5570 1692 5610 tunc
1707 5565 1811 5610 secedat
1827 5575 1873 5620 per
1888 5565 1977 5610 decem
1987 5564 2088 5616 disset

1339 5638 1482 5690 antequam
1498 5633 1581 5678 eidem
1592 5633 1774 5678 iuramentum
1785 5633 1929 5684 deleratur,
1940 5632 2086 5688 praelatam

1339 5701 1489 5758 gerteraiem
1510 5699 1698 5746 cortiessionem
1722 5703 1846 5757 peragat,
1872 5697 2086 5745 meditationibus

1340 5769 1579 5826 spiritualibusque
1600 5767 1735 5814 exercitiis
1756 5769 1838 5813 vitam
1858 5777 1934 5812 suam
1957 5765 2087 5812 vocationi

1338 5848 1402 5882 suae
1416 5834 1591 5882 concinnabit.
1607 5835 1700 5881 cuncti
1716 5837 1806 5880 antem
1823 5835 1856 5880 ab
1873 5833 1950 5879 initio
1967 5833 2088 5878 christia-

1339 5913 1399 5949 nam
1420 5902 1567 5948 doctrinam
1587 5907 1613 5948 et
1628 5901 1736 5959 pietatis
1757 5901 1909 5946 rudimenta
1928 5900 2085 5962 perdiscant.

1339 5971 1446 6036 alumni
1460 5977 1515 6016 tota
1527 5969 1617 6015 vitain
1628 5979 1723 6026 graeco
1733 5968 1788 6014 ritu
1800 5969 2004 6025 pernmuebunt:
2018 5967 2087 6024 quod
