4756 6994
912 642 1054 688 CLEUENS
1077 643 1128 688 PP.
1153 644 1196 688 xl.

274 763 357 824 saria
369 764 458 825 robis
474 771 560 834 sunt,
577 762 775 840 intelligatis.
793 777 905 840 eaque,
920 762 1025 824 divina

276 857 454 933 opitulante
477 858 587 934 gratia,
612 857 792 934 perficiatis.

317 951 430 1011 llatum
453 949 582 1018 Romae,
607 949 688 1027 apud
719 948 750 1011 S.
784 949 910 1011 llariam
935 948 1027 1010 llaio-

275 1061 359 1112 rem,
383 1045 442 1105 suh
465 1043 584 1104 annulo
607 1043 784 1113 Piscatoris,
809 1043 859 1104 die
878 1061 927 1104 xv.
946 1059 1027 1103 mar-

277 1140 311 1200 tii
336 1153 494 1207 nuceum,
519 1137 719 1214 pontificatus
743 1136 842 1197 nostrl
866 1145 1025 1196 annexu.

619 1487 686 1574 xv.

283 1705 352 1766 Tati
374 1705 612 1766 Maronitarum
636 1701 764 1764 nationi
786 1699 972 1768 denunciat,
995 1715 1029 1761 re

319 1805 445 1860 mature
465 1796 622 1864 discussa,
638 1792 861 1874 depositionem
883 1791 1029 1855 Patriar-

320 1892 396 1954 abae
418 1897 452 1951 at
474 1889 598 1951 nnllam
620 1887 826 1950 eliminatam
852 1885 1029 1949 indicatam

319 1985 429 2066 fnisse,
442 1983 567 2046 nnllam
579 1981 706 2062 pariter
721 1977 953 2043 abdicationem
970 1979 1030 2041 Pa·

322 2077 497 2148 triorchem
520 2076 606 2137 bnnc
618 2073 754 2156 proinde
766 2073 952 2134 restitutam
967 2090 1031 2135 asse

321 2175 356 2235 in
369 2171 543 2253 pristinam
561 2169 764 2249 dignitatem.-
779 2183 944 2245 omnesqne
959 2168 1030 2230 hcr-

322 2273 429 2334 mtor,
462 2271 500 2326 ot
530 2262 691 2343 pontificio
724 2261 846 2322 decreto
875 2278 907 2322 se
933 2260 1030 2324 robii-

321 2363 410 2424 eiant
429 2375 466 2422 ac
483 2355 697 2421 Patriorchae
718 2352 927 2418 obedientiam
942 2356 1029 2418 ecbi-

320 2454 413 2518 beant
434 2453 491 2534 (l).

1083 761 1170 822 tione
1193 761 1329 823 relatum
1359 763 1394 824 ad
1426 779 1484 824 nos
1513 761 1583 832 luit.
1615 761 1769 824 scandalis
1803 770 1834 824 et

1084 855 1173 917 malls
1189 855 1337 932 plurimis
1354 871 1434 932 quae
1450 857 1523 918 inde
1540 856 1660 916 oritura
1677 855 1745 916 iore
1762 871 1833 932 pro-

1083 951 1305 1028 spiciebamus.
1323 968 1380 1029 pro
1397 951 1549 1028 pontificii
1572 952 1715 1012 muneris
1731 952 1832 1013 nestri

1084 1045 1191 1107 debito
1207 1061 1376 1107 occurrere
1392 1045 1569 1120 cupientes
1584 1046 1661 1106 tanti
1678 1047 1832 1108 momenti

1083 1140 1249 1216 negotium
1284 1137 1533 1214 congregationi
1565 1153 1662 1199 venn.
1698 1138 1831 1200 fratrum

1084 1241 1270 1296 nostrorum
1295 1231 1325 1294 S.
1344 1231 1378 1292 ll.
1399 1232 1432 1293 E.
1457 1232 1670 1294 cardinalium
1696 1234 1833 1310 negotiis

1085 1327 1307 1405 propagandae
1328 1325 1415 1388 Fidei
1439 1327 1634 1402 praepositae
1661 1326 1834 1402 diiigenter

1084 1421 1321 1484 discutiendum
1343 1421 1577 1481 commisimus:
1603 1435 1694 1496 quae,
1714 1427 1776 1482 tota
1793 1421 1833 1482 la-

1085 1517 1126 1578 cti
1157 1517 1240 1576 serie
1271 1530 1305 1574 ac
1335 1514 1484 1574 omnibus
1513 1514 1550 1574 ab
1579 1521 1715 1590 utraque
1744 1523 1834 1592 parte

1085 1610 1228 1674 deductis
1251 1607 1364 1669 sedulo
1387 1616 1589 1684 maturoque,
1614 1615 1649 1668 ut
1670 1623 1724 1684 par
1754 1615 1832 1677 erat,

1086 1704 1233 1768 examine
1255 1703 1432 1780 perpensis.
1458 1703 1715 1779 primoquidem
1748 1719 1834 1780 prae·
1876 1731 1877 1736 ¹

1085 1800 1138 1862 lati
1160 1797 1261 1860 lacobi
1283 1796 1482 1857 Patriarchae
1498 1797 1730 1872 depositionem
1754 1797 1835 1858 inin·

1086 1903 1164 1954 stam
1189 1901 1220 1954 et
1235 1891 1367 1952 omnino
1383 1890 1516 1956 nullam,
1536 1891 1739 1966 postmodum
1757 1905 1835 1951 vero

1086 1988 1181 2048 etiam
1211 1983 1440 2063 patriarchatus
1470 1985 1743 2045 renunciationem
1778 2000 1834 2046 seu

1086 2081 1304 2143 dimissionem
1328 2077 1365 2138 ab
1390 2093 1428 2138 eo
1457 2077 1592 2138 subinde
1615 2077 1727 2138 iactam
1750 2078 1836 2139 simi-

1086 2175 1160 2237 liter
1183 2173 1301 2234 nullam
1319 2172 1448 2233 inanem
1463 2187 1497 2232 ac
1513 2171 1633 2232 irruam
1652 2172 1834 2240 declaravit.

1087 2269 1230 2343 adeoque
1253 2266 1357 2343 ipsum
1381 2264 1594 2326 Patriarcham
1614 2265 1766 2342 pristinae
1783 2266 1836 2327 bo-

1088 2377 1146 2423 nae
1168 2360 1269 2422 lamae
1292 2366 1324 2420 et
1345 2359 1504 2436 personali
1528 2358 1753 2420 existimationi
1788 2375 1836 2420 re·

1087 2456 1200 2524 stituit.
1224 2461 1257 2515 et
1277 2453 1312 2514 ad
1337 2452 1571 2530 possessionem
1596 2452 1647 2514 vel
1663 2452 1751 2528 quasi
1767 2467 1836 2528 pos·
1858 2511 1861 2518 .

979 2574 981 2578 ·
1086 2549 1263 2612 sessionem
1289 2547 1515 2624 patriarchatus
1540 2545 1673 2622 eiusque
1701 2547 1836 2616 scursa

280 2638 510 2706 venerabilibus
542 2637 689 2704 tratribus
720 2635 968 2720 lrchieplscopls
1000 2643 1032 2702 et

322 2732 494 2816 Episcopis,
521 2747 640 2796 necnon
674 2729 792 2795 dilectis
825 2729 898 2796 tiliis
925 2731 1030 2810 clero,

323 2825 510 2909 Principibus
533 2829 565 2890 et
587 2823 701 2907 Populo
727 2823 869 2890 uniuerso
900 2825 1030 2892 nationis

322 2919 543 2996 Maronitarum,
591 2951 592 2956 =
958 2937 959 2946 ¹

481 3072 667 3174 ereneus
697 3106 758 3171 rr.
784 3105 830 3172 n.

406 3295 503 3362 tenc.
526 3293 642 3360 iratres
665 3298 697 3358 et
719 3291 820 3359 dilecti
843 3293 906 3368 tilii,

234 3455 236 3458 .
316 3392 444 3458 salutern
467 3393 500 3453 el
522 3385 721 3466 apostolicam
745 3385 996 3452 benedictionem.

323 3579 490 3641 Nationem
508 3583 660 3646 vestram,
678 3575 736 3636 etsi
754 3589 870 3652 magno
886 3575 1032 3638 locorum

283 3670 454 3735 intervallo
469 3687 484 3731 a
502 3667 593 3730 nobis
609 3667 763 3738 dissitam,
780 3667 910 3729 viuculo
926 3675 1032 3731 lamen

283 3765 419 3828 caritatis
441 3763 533 3824 nobis
556 3763 588 3822 in
615 3759 744 3824 christe
764 3761 978 3834 coniunctam,
1003 3773 1035 3826 et

285 3857 443 3938 pastorali,
467 3871 561 3933 quam
587 3854 730 3916 omnium
758 3853 970 3918 Ecclesiarnm
1000 3875 1034 3919 ae

286 3953 430 4014 omnium
453 3955 613 4026 quotquot
634 3947 666 4008 in
690 3950 767 4009 erbe
785 3954 943 4010 terrarum
960 3959 1035 4012 sunt

286 4046 394 4108 orium
411 4043 566 4121 gerimus,
584 4039 791 4102 sollicitudini
809 4043 932 4102 assidue
946 4059 1035 4120 prae-

285 4145 421 4208 sentem,
438 4135 594 4214 singulari
617 4135 797 4211 iutlmoque
817 4143 968 4212 paternae
991 4139 1034 4200 di-

285 4231 430 4294 lectionis
462 4229 576 4290 abectu
603 4227 861 4303 complectimur.
891 4228 930 4290 Et
959 4245 1035 4292 sane

286 4324 400 4385 eximia
421 4327 526 4382 vestra
548 4321 646 4399 pietas
675 4335 709 4380 ac
733 4319 764 4380 iu
787 4321 963 4383 orthodoxa
987 4339 1035 4384 re·

286 4417 406 4495 ligione
428 4415 614 4482 constantia,
645 4421 713 4476 tum
743 4416 837 4476 etiam
869 4418 1036 4494 praecipua

287 4517 318 4572 et
338 4508 557 4586 antiquissima
579 4523 655 4583 erga
678 4505 709 4568 S.
728 4507 808 4569 hanc
824 4506 938 4570 Sedem
957 4509 1035 4572 lldes

287 4611 380 4679 atque
402 4602 532 4664 devotio
553 4607 794 4678 promerentur,
811 4609 846 4662 ut
862 4616 918 4663 vos
934 4602 1035 4665 veluti

288 4697 367 4758 illios
388 4696 569 4758 carissimos
591 4694 624 4755 in
646 4694 742 4756 corde
758 4711 791 4756 ac
808 4695 837 4756 in
860 4695 1036 4758 visceribus

288 4790 405 4853 christi
419 4789 489 4850 lesu
506 4788 689 4849 habeamus.
707 4787 786 4850 llinc
802 4803 909 4866 porro,
924 4804 1036 4864 quem-

289 4885 457 4946 admodum
491 4881 702 4950 arbitramur,
736 4882 862 4944 abunde
891 4883 1036 4944 conlinie-

289 4979 328 5039 tls
350 4993 443 5054 qnam
467 4975 621 5038 molestae
644 4986 676 5037 et
691 4973 783 5052 plane
799 4975 930 5036 acerbae
946 4975 1037 5037 nobis

289 5071 459 5134 acciderint
480 5071 702 5131 contentiones
725 5076 820 5145 atque
842 5069 968 5132 dissidia
986 5087 1037 5148 po-

289 5165 416 5227 stremis
429 5164 515 5225 hisce
528 5162 726 5240 temporibus
741 5163 954 5239 quorumdam
972 5171 1037 5225 tur-

290 5258 495 5320 bulentorum
520 5257 689 5318 hominum
719 5256 924 5332 instigatione
954 5257 1037 5319 inter

289 5367 345 5413 vos
368 5352 511 5422 excitata,
536 5366 675 5427 quorum
698 5359 786 5412 aestu
809 5351 931 5430 abrepti
953 5359 985 5415 et
1000 5353 1035 5414 ad

289 5445 453 5507 consiliaa
484 5445 586 5505 reteri
616 5445 775 5520 aequitate
804 5445 1037 5522 prudentiaque

290 5547 394 5600 vestra
416 5538 553 5599 nimium
577 5537 677 5598 aliena
708 5538 855 5615 prolapsi,
873 5554 946 5600 ven.
978 5539 1038 5600 lra-

289 5639 371 5694 trem
395 5631 542 5693 lacohum
564 5630 777 5692 Patrlarcham
793 5638 939 5693 vestrum
956 5651 971 5693 a
988 5649 1037 5711 pa·

290 5725 449 5788 triarchali
465 5725 541 5786 sede
556 5724 726 5786 delecistis
743 5724 807 5786 Nos
823 5725 965 5802 quidem,
979 5734 1037 5788 sta-

288 5819 345 5880 tim
375 5818 475 5880 aede
507 5825 674 5896 praetensa
696 5817 881 5880 huiusmodi
914 5821 1038 5898 deposi-

330 6033 360 6086 ll)
378 6031 458 6086 ltpist.
475 6035 501 6073 el
519 6033 589 6074 tirou.
607 6031 693 6073 select,
712 6033 774 6072 tnnr.
791 6034 828 6080 ll..
846 6042 902 6086 prag.
919 6035 963 6074 :titt

1088 2660 1148 2722 qua
1172 2659 1227 2720 per
1248 2655 1406 2702 summam
1430 2639 1578 2700 iniuriam
1602 2640 1834 2701 acviolcntlam

1087 2735 1274 2800 deturbatus
1298 2733 1368 2800 luit,
1393 2749 1451 2794 nec
1480 2748 1543 2793 non
1575 2731 1734 2808 plenariae
1762 2750 1837 2796 suae

1088 2825 1315 2891 iurisdictionis
1339 2825 1550 2900 omniumque
1565 2824 1684 2885 iuriuxn
1709 2827 1838 2901 patriar-

1087 2921 1238 2990 chalium,
1262 2931 1369 2980 amoto
1391 2918 1507 2980 exinde
1529 2918 1644 2993 quovis
1660 2918 1771 2980 illicito
1786 2921 1838 2980 de·-

1090 3024 1226 3084 tentore,
1257 3012 1451 3090 amplissime
1475 3011 1717 3087 redintegravit.
1743 3013 1837 3074 cnm·

1089 3126 1151 3187 que
1175 3109 1222 3170 his
1244 3107 1285 3168 ita
1308 3103 1489 3168 constitutis
1519 3103 1554 3164 ad
1577 3102 1696 3165 Urbem
1721 3121 1838 3183 nuper·

1088 3205 1171 3264 rime
1192 3200 1321 3263 venerit
1336 3197 1472 3260 dilectus
1488 3197 1572 3258 illius
1589 3196 1730 3260 Andreas
1746 3198 1837 3260 Scan-

1089 3297 1144 3358 dar
1167 3293 1346 3357 Simenncei
1371 3291 1517 3352 sacerdos
1545 3289 1707 3360 llaronita,
1728 3309 1743 3352 a
1762 3307 1837 3354 ven.

1089 3389 1187 3451 tratre
1203 3386 1451 3464 archiepiscopo
1465 3383 1649 3446 ltailnnensi
1671 3385 1836 3462 allegatus,

1089 3500 1123 3544 ac
1145 3482 1254 3560 plures
1277 3479 1462 3541 exhibuerit
1476 3477 1585 3539 literas
1601 3484 1633 3540 et
1648 3479 1839 3542 documenta
1920 3553 1926 3566 ⁶

1089 3584 1198 3640 centra
1225 3573 1403 3652 praelatum
1432 3572 1579 3633 lacobum
1612 3571 1837 3647 Patriarcham,

1089 3673 1127 3733 iis
1149 3670 1244 3732 eliam
1268 3667 1360 3728 novis
1382 3665 1507 3727 iuribus
1529 3665 1840 3744 incongregatione

1091 3765 1194 3826 habita
1217 3763 1268 3823 die
1291 3776 1357 3821 xxx.
1381 3759 1516 3820 labentis
1540 3761 1658 3820 mensis
1682 3762 1761 3822 iunii
1778 3777 1840 3822 ma-

1092 3866 1162 3919 ture
1185 3852 1334 3917 discussis
1350 3859 1381 3913 et
1396 3851 1556 3927 expensis,
1575 3868 1609 3912 ea
1628 3851 1748 3914 nullius
1764 3869 1840 3930 pon-

1091 3951 1175 4014 deris
1198 3947 1248 4010 vel
1268 3945 1421 4008 momenti
1439 3961 1510 4005 esse
1525 3945 1731 4019 existimarit,
1749 3948 1840 4009 adeo·

1090 4059 1153 4121 que
1175 4043 1207 4102 in
1230 4039 1330 4118 priori
1352 4037 1510 4102 sententia
1528 4039 1712 4114 permansit,
1730 4055 1840 4117 quem-

1090 4137 1263 4200 admodum
1286 4149 1325 4195 ex
1349 4132 1464 4194 litteris
1493 4131 1530 4194 ab
1560 4133 1670 4194 cadem
1700 4133 1841 4212 Congre-

1092 4231 1218 4310 gatione
1234 4229 1270 4290 ad
1287 4242 1344 4286 vos
1363 4226 1546 4303 perscriptis
1562 4225 1773 4304 pluribusque
1789 4229 1841 4290 de-

1090 4325 1185 4388 cretis
1202 4341 1237 4385 ea
1253 4323 1291 4383 de
1307 4337 1342 4381 re
1365 4320 1459 4381 editis
1474 4336 1507 4381 ac
1523 4337 1538 4380 a
1555 4321 1645 4381 nohis
1662 4338 1841 4400 usquequa-

1091 4435 1154 4496 que
1170 4415 1321 4494 probatis,
1339 4428 1477 4490 quorum
1494 4413 1674 4476 authentica
1695 4417 1841 4494 exempla

1091 4528 1164 4576 eum
1188 4507 1356 4588 praedictis
1379 4507 1480 4568 literis
1503 4507 1538 4568 ad
1570 4523 1626 4568 vos
1653 4509 1839 4582 afferentur,

1091 4606 1223 4668 uberius
1246 4599 1438 4680 percipietis
1462 4599 1543 4660 cnm
1565 4601 1672 4677 itaque
1694 4619 1785 4664 causa
1809 4605 1842 4664 ii·

1091 4699 1156 4760 nita
1177 4699 1227 4765 sit,
1251 4701 1395 4756 vestrum
1428 4693 1524 4755 modo
1545 4702 1604 4764 est,
1629 4709 1703 4756 ven.
1728 4695 1842 4758 iratres

1092 4791 1199 4854 dilecti
1223 4788 1291 4860 ulli,
1325 4787 1443 4848 nostris
1472 4803 1506 4847 ae
1528 4787 1673 4850 eiusdem
1696 4787 1727 4850 S.
1752 4789 1842 4852 Sedis

1092 4881 1333 4946 delinitionibus
1356 4887 1505 4958 prompto
1529 4879 1707 4957 libentique
1736 4885 1842 4946 anime

1094 4993 1217 5040 morem
1236 4990 1351 5053 gerere
1367 4980 1399 5036 et
1413 4974 1627 5050 acquiescere,
1645 4977 1841 5052 praedictum

1093 5071 1242 5134 lacebum
1266 5068 1479 5128 Patriarcham
1504 5075 1538 5128 ut
1560 5082 1674 5129 verum
1704 5077 1736 5130 et
1765 5070 1842 5146 legi-

1093 5167 1208 5226 timum
1232 5161 1418 5224 hntishtem
1436 5167 1580 5222 vestrum
1597 5163 1842 5240 animarumque

1092 5266 1275 5320 vestrarum
1309 5261 1469 5334 pastorem
1500 5270 1685 5330 agnoscere,
1717 5256 1760 5318 illi
1790 5259 1843 5318 de-

1093 5353 1187 5415 bitam
1206 5349 1433 5421 obedientiam,
1450 5349 1681 5410 subiectionem
1699 5356 1731 5411 et
1753 5365 1844 5412 reve-

1093 5447 1229 5508 rentiam
1245 5449 1415 5521 praestare,
1431 5459 1464 5503 ac
1475 5449 1581 5503 cetera
1593 5444 1722 5504 demum
1738 5445 1843 5506 omnia

1092 5539 1314 5600 incunctanter
1336 5536 1464 5612 exequi,
1489 5551 1571 5612 quae
1596 5536 1628 5596 in
1659 5539 1843 5598 memoratis

1094 5631 1230 5695 decretis
1246 5631 1281 5692 ad
1298 5629 1384 5691 illius
1401 5629 1543 5690 latorem
1560 5629 1728 5690 constituta
1746 5629 1843 5692 tuisse

1093 5725 1304 5804 perspicietis,
1327 5723 1359 5785 ld
1383 5730 1489 5785 antem
1513 5739 1570 5784 nos
1586 5739 1650 5785 non
1671 5731 1731 5785 tam
1750 5725 1844 5786 enixe

1094 5837 1110 5882 a
1138 5819 1228 5881 vobis
1254 5819 1405 5896 petimus,
1434 5833 1528 5894 quam
1551 5833 1734 5895 speramus3
1765 5819 1843 5880 certi

1147 5957 1330 5965 ——-—-·

1775 629 1814 692 95
1871 627 1922 682 Au.
1936 627 1964 684 C.
1979 627 2047 683 ltla
