4814 6992
344 592 437 650 And.
452 594 519 650 1627
578 593 615 656 16

750 749 931 818 undenus
955 752 1016 818 ΡΡ.
1041 751 1111 816 11111.

663 915 698 980 31
722 914 854 980 loturam
883 913 925 979 rei
949 915 1120 980 memoriam
1142 914 1198 996 (1).

596 1103 763 1166 1333333113
780 1104 885 1175 officii,
903 1104 994 1166 nobis
1010 1104 1117 1166 divina
1131 1103 1304 1166 Providen-

556 1198 597 1260 tia
623 1198 803 1270 commissi,
838 1213 890 1260 res
926 1197 1046 1276 exigit,
1070 1205 1107 1260 ut
1138 1197 1177 1260 de
1202 1197 1304 1260 salute

555 1291 709 1354 Dominici
733 1291 841 1368 gregis
863 1291 1011 1364 solliciti,
1035 1292 1071 1354 ad
1095 1308 1149 1353 eos
1180 1291 1304 1354 christi-

556 1385 667 1448 hdeles
690 1388 807 1448 mentis
830 1393 957 1448 nostrae
979 1385 1079 1448 aciem
1102 1393 1134 1448 31
1155 1395 1304 1465 33333333

554 1479 717 1542 31333133113
738 1480 889 1542 allectum
910 1479 1079 1558 praecipue
1108 1479 1301 1557 dirigamus.

555 1589 635 1652 quos
658 1574 690 1636 13
713 1574 855 1652 partibus
877 1573 914 1636 ab
939 1574 994 1636 hac
1018 1573 1128 1636 Sancta
1151 1573 1235 1636 Sede
1256 1591 1304 1636 re-

555 1667 741 1730 motissimis
763 1669 964 1740 constitutos,
987 1667 1205 1746 spiritualibus
1220 1684 1304 1731 corn-

555 1761 658 1822 modis
680 1771 712 1823 et
734 1761 844 1838 gratiis
866 1775 975 1824 carere
997 1761 1232 1838 cognoscimus.

594 1855 663 1930 §l-
688 1854 767 1916 11133
799 1862 848 1916 331
879 1855 965 1932 quod
997 1871 1072 1928 333,
1102 1857 1304 1918 attendentes

554 1948 779 2012 christifideles
812 1948 844 2010 in
876 1948 1043 2027 Aethiopia
1065 1966 1099 2011 ac
1124 1949 1192 2011 aliis
1215 1949 1302 2020 locis,

556 2042 734 2104 charissimi
756 2042 789 2104 in
811 2041 940 2106 Christo
963 2043 1020 2104 dlii
1043 2043 1143 2106 nostri
1164 2043 1305 2106 sulthani

556 2135 694 2213 Sagued,
718 2135 905 2216 Aethiopiae
927 2136 1141 2216 imperatoris,
1162 2137 1305 2202 dominio

554 2231 717 2302 subiectis,
740 2238 987 2304 commorantes,
1011 2231 1051 2294 ob
1075 2232 1244 2294 maximam
1268 2233 1304 2296 ab

555 2325 636 2386 alma
658 2324 740 2386 urbe
763 2331 870 2386 nostra
893 2325 1091 2396 distantiam,
1114 2326 1238 2404 aliaque
1261 2327 1304 2390 le·

555 2419 664 2496 gitima
696 2417 928 2496 impedimenta
955 2419 991 2481 ad
1025 2421 1159 2482 eandem
1189 2421 1303 2484 urbem

554 2529 612 2592 pro
629 2513 840 2591 percipiendis
856 2513 1074 2591 spiritualibus
1086 2515 1160 2578 3331
1174 2515 1303 2578 iubilaei

554 2607 702 2685 proxime
718 2607 882 2685 praeteriti
899 2606 1223 2696 133331333333331333
1239 2626 1302 2671 non

479 2742 482 2747 -
555 2701 709 2779 potuisse,
735 2707 767 2764 et
782 2701 916 2778 proinde
930 2716 1027 2779 super
1043 2718 1156 2764 eorum
1173 2710 1255 2764 statu
1271 2703 1302 2766 in

554 2795 676 2856 intimis
698 2795 795 2858 animi
818 2801 850 2856 et
871 2793 1110 2858 misericordiae
1127 2797 1304 2860 visceribus

555 2889 719 2962 commoti,
744 2904 798 2950 eos
821 2887 949 2965 speciali
972 2887 1248 2966 indulgentiarum
1270 2909 1304 2955 ac

555 2981 682 3045 iubilaei
705 2997 842 3044 munere
864 2982 1022 3044 consolari
1048 2983 1206 3056 volentes,
1230 3001 1304 3064 sup-

554 3075 775 3153 plicaticnibus
807 3090 937 3152 quoque
968 3075 1041 3138 dicti
1073 3077 1212 3140 sulthani
1246 3081 1303 3140 im-

555 3169 710 3246 peratoris
743 3167 874 3230 nomine
904 3167 994 3231 nobis
1027 3185 1125 3248 super
1157 3171 1217 3233 hoc
1246 3173 1303 3234 hu·

555 3263 675 3326 militer
709 3261 863 3340 porrectis
895 3262 1054 3335 inclinati,
1089 3265 1127 3327 de
1160 3267 1303 3344 omnipo-

554 3355 649 3418 tentis
664 3353 720 3417 Ilei
738 3355 966 3428 misericordia,
982 3371 1017 3418 33
1031 3355 1203 3421 Beatorum
1219 3359 1304 3421 Petri

554 3457 586 3513 et
607 3449 712 3522 Pauli,
737 3447 965 3527 Apostolorum
996 3453 1080 3522 eius,
1115 3455 1303 3518 auctoritate

553 3544 675 3616 3331131,
700 3543 849 3605 omnihus
864 3550 896 3605 et
910 3545 1046 3622 singulis
1064 3547 1235 3625 utriusque
1256 3567 1302 3612 se-

553 3654 613 3701 xus
635 3638 763 3700 illarum
786 3638 924 3716 partium
940 3638 1212 3714 christifidelibus,
1225 3659 1303 3706 vere

554 3731 794 3810 poenitentibus
816 3739 849 3793 et
869 3730 1034 3806 confessis
1058 3749 1092 3813 33
1113 3751 1199 3797 33333
1218 3753 1302 3798 com-

554 3826 709 3888 munione
732 3823 871 3896 relectis,
896 3826 980 3902 quod
1003 3842 1099 3888 unam
1122 3845 1179 3890 seu
1195 3829 1304 3907 plures

555 3919 701 3984 ecclesias
724 3919 776 3982 331
808 3919 876 3981 1333
908 3919 969 3997 pia,
994 3936 1051 3998 per
1082 3923 1301 3986 venerabilem

554 4015 687 4077 tratrem
708 4012 920 4076 Patriarcham
942 4012 1129 4093 Aethiopiae
1151 4017 1304 4095 deputan-

554 4109 602 4182 da,
628 4124 684 4188 per
706 4106 889 4186 quindecim
912 4107 980 4169 dies
1002 4109 1170 4172 continuos
1183 4111 1236 4174 331
1258 4113 1303 4174 13-

553 4202 739 4281 terpolatos,
757 4208 830 4274 etc,
848 4201 1023 4276 visitantes,
1041 4211 1115 4276 etc..
1129 4204 1303 4282 plenariam

554 4297 699 4360 eiusdem
732 4296 806 4358 anni
837 4296 965 4359 iubilaei
988 4298 1134 4360 omnium
1163 4309 1304 4377 peccato-

554 4407 627 4454 rum
659 4407 792 4454 suorum
825 4389 1059 4467 indulgentiam
1092 4400 1124 4454 et
1145 4394 1304 4458 remissio-

555 4501 630 4547 nem
646 4485 748 4548 semel
764 4489 887 4546 tantum
902 4493 1153 4562 consequantur,
1171 4490 1303 4565 perinde

556 4595 589 4642 ac
610 4580 637 4640 si
659 4587 797 4657 quatuor
822 4577 970 4641 ecclesias
993 4580 1094 4642 diotae
1122 4581 1223 4644 almae
1251 4601 1304 4645 ur-

556 4672 604 4735 bis
628 4689 684 4751 pro
706 4671 934 4749 consequendo
957 4673 1095 4736 iubilaeo
1118 4675 1302 4740 huiusmodi

555 4767 680 4828 statutis
702 4767 738 4828 ad
762 4767 791 4828 id
814 4767 926 4830 diebus
948 4767 1160 4845 personaliter
1182 4771 1304 4834 3131133-

555 4869 637 4934 3333,
662 4867 694 4924 33
714 4859 773 4923 3113
791 4861 828 4923 ad
851 4861 911 4923 hoo
933 4861 1086 4939 requisita
1101 4863 1303 4942 adimplevis-

553 4963 636 5017 sent.

591 5051 611 5127 ἓ
632 5049 661 5112 1.
687 5049 727 5112 Et
748 5049 784 5112 ad
808 5049 893 5112 hunc
915 5049 1064 5112 eflectum
1088 5051 1162 5125 illie,
1180 5059 1216 5114 ut
1230 5069 1303 5116 333-

555 5145 724 5214 133333133,
759 5150 819 5206 333.
855 5141 1140 5225 (Christihdelibus
1173 5145 1303 5209 lacultas

553 5237 741 5300 conceditur
761 5236 902 5314 eligendi
925 5236 1147 5311 confessarios,
1171 5239 1226 5316 qui
1248 5255 1303 5302 333

553 5331 591 5394 31)
613 5331 764 5394 omnihus
787 5330 933 5409 peccatis,
954 5331 1049 5392 etiam
1074 5330 1146 5394 Sedi
1169 5332 1303 5411 Aposto-

553 5425 631 5488 licae
653 5423 838 5494 reservatis,
862 5423 1032 5485 absolvere
1054 5425 1200 5504 possint).

592 5521 611 5596 ἓ
632 5519 662 5580 3.
686 5517 830 5590 Necnon,
844 5524 880 5580 ut
895 5524 927 5580 et
941 5517 999 5590 illi,
1018 5519 1073 5596 qui
1088 5519 1221 5582 Romam
1240 5521 1302 5582 133-

553 5629 608 5674 333
630 5619 812 5684 33333333,
837 5629 871 5673 33
892 5611 1067 5674 iubilaeum
1097 5613 1202 5692 ipsum
1225 5629 1302 5692 quo-

553 5705 601 5767 313
623 5705 720 5769 niodo
742 5706 931 5783 consequuti
954 5712 1040 5778 sunt,
1068 5706 1174 5768 denuo
1206 5707 1299 5768 etiam

594 5949 623 6004 (ll
640 5947 801 6004 coquelines,
818 5952 879 5994 tom.
897 5951 945 6004 11,
960 5959 1021 6005 pars
1037 5953 1064 6000 1..
1079 5959 1136 6006 pag.
1152 5952 1186 5993 111).

1077 607 1142 654 11111.
1167 607 1259 654 PONE.
1283 607 1323 653 DE
1345 607 1376 654 P.
1400 608 1429 654 E.
1453 608 1536 654 PARS
1558 609 1580 654 1.

1360 725 1458 798 illud,
1492 728 1579 790 iuxta
1602 732 1750 790 tenorem
1779 727 2008 806 praesentium,
2036 743 2109 789 333-

1361 821 1453 899 sequi
1475 821 1612 895 valeant,
1629 821 1847 884 concedimus.

1401 914 1469 988 §A
1503 914 1670 977 Praeterea
1702 914 1807 976 eidem
1836 913 2045 985 Patriarchae,
2075 923 2111 976 ut

1360 1008 1501 1069 33133313
1523 1009 1644 1070 ordinis
1667 1005 1871 1080 monialibus,
1895 1015 1927 1070 et
1952 1009 2110 1086 orphano·

1360 1116 1432 1162 rum
1456 1101 1656 1178 aliarumque
1687 1101 1862 1162 mulierum
1891 1099 1923 1162 in
1946 1102 2111 1163 communi

1360 1194 1541 1256 virentium
1564 1194 1868 1272 congregationibus
1883 1196 1920 1256 ad
1936 1195 2109 1257 iuhilaeum

1361 1289 1466 1368 ipsum
1489 1289 1572 1351 13133
1594 1290 1838 1362 monasterium,
1863 1289 2017 1352 domosve
2039 1305 2110 1352 3333

1361 1383 1625 1462 consequendum
1657 1383 1875 1454 conditiones,
1912 1384 2043 1446 modum
2080 1391 2112 1446 et

1363 1483 1488 1555 tempus
1511 1477 1739 1554 praescribere,
1765 1484 1797 1539 et
1818 1477 1958 1554 denique
1973 1477 2006 1540 in
2022 1493 2111 1555 prae-

1362 1570 1465 1630 missis
1488 1570 1637 1632 omnibus
1659 1577 1690 1632 et
1712 1569 1848 1648 singulis
1871 1570 1957 1632 illius
1979 1571 2111 1634 arbitrio

1361 1665 1476 1736 iacere,
1500 1665 1664 1736 ordinare,
1693 1665 1864 1742 providere
1887 1671 1919 1728 et
1940 1681 2111 1742 quaecum-

1361 1773 1424 1836 que
1446 1759 1505 1820 sibi
1527 1759 1594 1820 risa
1613 1759 1753 1822 remedia
1769 1765 1948 1838 opportuna
1967 1760 2111 1822 adhiberi

1364 1853 1479 1930 possit,
1511 1860 1608 1931 prout
1629 1854 1807 1916 animarum
1841 1853 1934 1916 saluti
1957 1856 2111 1932 expedire

1361 1943 1570 2018 iudicaverit,
1594 1945 1777 2008 facultatem
1801 1946 1973 2008 tribuimus
1999 1955 2032 2009 et
2052 1948 2110 2008 im-

1362 2039 1532 2118 pertimur.
1557 2041 1744 2102 Praesentes
1776 2041 1812 2102 ad
1837 2048 1901 2102 tres
1923 2057 2069 2112 menses,
2094 2061 2112 2104 3

1361 2133 1412 2195 die
1443 2133 1573 2196 illarum
1604 2133 1828 2211 publicationis
1860 2137 2108 2214 computandos,

1362 2233 1485 2290 tantum
1507 2228 1665 2291 valituris.

1401 2323 1419 2398 ἓ
1440 2323 1469 2384 5.
1489 2313 1646 2384 Volumus
1660 2330 1777 2396 antem,
1793 2325 1877 2400 quod
1892 2325 2109 2402 praesentium

1362 2418 1586 2496 transumptis,
1611 2417 1706 2479 etiam
1729 2419 1909 2496 1333333313,
1933 2435 2029 2482 manu
2055 2420 2109 2482 ali-

1360 2511 1451 2574 cuius
1473 2512 1588 2572 notarii
1611 2511 1729 2590 publici
1751 2513 1948 2590 subscriptis,
1970 2520 2002 2575 et
2022 2513 2109 2591 sigil-

1361 2605 1392 2667 lo
1414 2621 1569 2684 personae
1592 2605 1795 2684 indignitate
1812 2607 2020 2670 3331331333133
2036 2625 2110 2670 333-

1360 2700 1489 2762 33113333
1511 2699 1655 2771 munitis,
1680 2700 1791 2763 eadem
1815 2715 1946 2778 prorsus
1978 2703 2055 2764 lldes
2077 2703 2108 2765 in

1359 2793 1476 2856 iudicio
1498 2801 1530 2856 et
1551 2801 1640 2856 extra
1662 2793 1783 2872 ubique
1805 2794 2004 2868 adhibeatur,
2029 2813 2109 2874 quae

1359 2889 1435 2966 ipsis
1458 2887 1668 2965 originalibus
1691 2887 1807 2952 litteris
1829 2889 2050 2963 adhiberetur,
2083 2893 2109 2953 si

1359 2981 1466 3045 iorent
1488 2982 1649 3044 exhibitae
1671 2983 1723 3045 rel
1749 2990 1907 3048 ostensae.

1399 3077 1512 3138 Datum
1534 3077 1652 3139 llomae
1674 3077 1756 3156 apud
1793 3077 1824 3140 S.
1859 3079 1987 3140 llariam
2018 3081 2109 3142 11313-

1359 3171 1472 3243 13333,
1497 3171 1556 3232 331)
1589 3170 1708 3234 333313
1739 3172 1912 3250 3133333313,
1941 3174 1991 3235 die
2019 3189 2108 3236 xxxx.

1359 3281 1431 3342 ang.
1450 3281 1632 3337 3333133331,
1650 3265 1852 3343 pontificatus
1868 3267 1968 3329 nostri
1983 3283 2066 3329 anno
2079 3283 2107 3328 v.

1617 3471 1855 3480 Ἣ

1707 3645 1759 3709 lv.

1467 3833 1611 3916 Epistola
1633 3833 1674 3896 cd
1698 3833 1881 3904 basilidem,
1904 3834 2006 3916 filium

1386 3927 1589 4009 imperatoris
1611 3926 1795 4008 Aethiopiae
1822 3927 2080 4008 primogenitem.

1554 4109 1734 4180 vasallus
1758 4111 1820 4179 ΡΡ.
1844 4111 1915 4179 11111.

1429 4300 1633 4367 dilectissime
1658 4299 1684 4366 in
1707 4298 1827 4368 01331313
1850 4300 1893 4368 1111
1917 4305 2037 4380 333133,

1359 4395 1489 4462 salutem
1512 4400 1544 4462 et
1564 4391 1764 4477 apostolicam
1790 4393 2029 4462 benedictionem
2051 4397 2107 4480 (t).

1399 4583 1567 4664 Opulentia
1589 4583 1652 4646 Nili
1673 4585 1744 4646 lluit
1757 4586 1794 4647 ad
1810 4585 1944 4662 gloriam
1969 4587 2109 4649 nominis

1360 4677 1417 4748 tui,
1442 4685 1474 4739 31
1495 4676 1580 4738 111133
1604 4676 1781 4756 Aethiopici
1810 4679 2013 4757 imperatoris
2036 4682 2108 4743 ado-

1359 4771 1452 4833 lescis
1474 4770 1507 4832 in
1528 4786 1618 4848 spem
1651 4772 1863 4848 potentissimi
1900 4773 2114 4852 principatus.

1359 4863 1549 4926 Intellexisti
1578 4869 1696 4936 tumen,
1730 4865 1793 4926 Deo
1823 4866 1969 4939 docente,
1999 4873 2029 4929 te
2052 4868 2108 4928 mi-

1358 4959 1534 5020 serrimum
1562 4957 1642 5029 1333,
1678 4957 1738 5020 3131
1760 4959 1879 5020 1133333
1908 4961 2067 5036 evangelii
2091 4979 2107 5022 e

1358 5051 1531 5114 catholicae
1567 5050 1726 5114 Ecclesiae
1756 5051 1844 5114 tonte
1874 5060 2016 5130 potares,
2047 5055 2108 5115 3131

1358 5145 1491 5208 Beatum
1516 5144 1646 5206 Petrum
1682 5143 1714 5206 in
1748 5145 1890 5208 Romano
1921 5147 2106 5224 pontificatu

1358 5238 1488 5312 331333,
1518 5239 1750 5316 nuncupareris
1773 5246 1805 5301 33
1826 5255 1911 5301 33333
1933 5240 2017 5302 filius
2039 5241 2106 5312 Dei,

1358 5333 1449 5394 cuius
1479 5332 1708 5410 patrimonium
1741 5341 1836 5409 atque
1867 5334 2027 5411 opificium
2061 5341 2109 5396 ast

1358 5427 1509 5488 universa
1544 5425 1624 5487 coeli
1663 5433 1889 5504 terrarumque
1924 5443 2105 5505 compages.

1358 5519 1482 5582 Plaudit
1503 5520 1535 5580 in
1558 5519 1696 5582 11333333
1719 5519 1859 5582 Ecclesia
1881 5521 1950 5600 pius
1973 5537 2108 5598 regnan-

1357 5613 1438 5674 tium
1461 5614 1662 5676 sacerdotum
1687 5620 1719 5676 et
1740 5613 1986 5693 obsequentium
2010 5616 2108 5676 natio·

1358 5722 1437 5768 num
1460 5707 1588 5779 chorus,
1612 5707 1793 5772 christianis
1815 5709 1989 5771 virtutibus
2006 5709 2108 5771 soboli

595 6017 626 6072 (2)
641 6015 704 6061 Vide
724 6020 882 6066 1131111333,
901 6015 1011 6062 huiusce
1027 6021 1101 6062 13313
1117 6017 1165 6062 rol.
1182 6019 1209 6072 l.,
1224 6027 1282 6074 pag.
1299 6019 1349 6072 103;
1365 6021 1400 6073 et,
1415 6017 1547 6062 31333333
1561 6026 1620 6073 pag.
1637 6019 1669 6070 15,
1684 6021 1737 6062 11111
1750 6019 1881 6070 pertrahite.

2148 589 2199 646 An.
2213 589 2240 645 C.
2256 588 2335 644 1627
2385 583 2386 588 '
