4884 6994
571 614 631 679 388
910 614 936 677 A
1146 626 1245 674 rnosx
1267 627 1512 674 777777777777
1721 610 1747 673 Δ

550 758 603 814 777
630 752 689 830 Δρ.
713 749 850 827 erigitur
879 745 917 820 v.
938 747 1015 823 2t23
1044 746 1095 810 cui
1117 743 1302 824 praettcitur
1358 741 1503 807 vicarius
1526 741 1585 823 Δρ.
1603 749 1815 824 promovetur
1830 743 1867 806 ad
1884 743 2031 806 ordinem
2046 743 2112 822 api·

549 844 724 924 Episcopus
739 842 912 906 Fesseilen.
930 839 969 914 v,
985 841 1063 916 at33
1085 838 1301 903 Constituitur
1357 837 1518 916 scopalem
1547 835 1599 910 77,
1630 837 1709 912 tan
1746 836 1925 900 Patriarcha
1954 837 2111 900 excitatur

549 937 721 1016 Delegatus
743 937 801 1015 Ap.
819 943 851 998 et
866 935 998 998 Arabiae
1021 933 1164 1012 regionis
1180 931 1218 1005 7,
1228 931 1299 1007 atta
1357 932 1394 994 ad
1416 931 1589 994 catholicae
1612 931 1687 994 tldei
1710 930 2111 1009 protessionemquaqui-

549 1031 784 1095 Declarationes
805 1038 838 1093 et
860 1030 986 1092 decreta
1002 1027 1084 1092 circa
1106 1025 1298 1088 vicariatum
1357 1025 1430 1088 dem
1453 1024 1582 1088 nullum
1603 1025 1841 1088 detrimentum
1871 1024 2001 1102 capiunt
2025 1025 2111 1088 sedis

549 1125 656 1204 Apost.
672 1122 792 1198 7,269.
817 1121 1015 1188 Alexandriae
1032 1137 1104 1184 cum
1121 1119 1299 1182 Patriarcba
1355 1116 1443 1180 777777
1470 1117 1657 1196 privilegia,
1684 1118 1775 1180 etad
1804 1116 1979 1180 nonnullos
2006 1116 2111 1180 adole-

549 1218 653 1297 graeci
676 1217 757 1280 ritus
779 1217 886 1294 agitur
908 1217 946 1278 de
969 1216 1038 1278 7777
1060 1215 1097 1276 ad
1125 1211 1298 1276 Ecclesiam
1355 1220 1482 1276 scentes
1504 1213 1537 1274 in
1559 1211 1736 1292 collegium
1751 1211 1917 1276 Urbanum
1932 1213 2108 1276 mittendos

548 1311 653 1374 reditu
676 1317 737 1374 eto.
761 1309 807 1383 77,
830 1309 909 1386 377;
933 1309 1028 1386 eique
1058 1308 1139 1371 liunt
1161 1306 1298 1384 gratula-
1355 1303 1509 1381 1v‚ttaa;
1540 1305 1772 1368 Patriarcbatus
1805 1305 2025 1384 reintegratur
2055 1305 2108 1379 Ν,

548 1406 652 1468 tiones
673 1405 713 1468 de
744 1405 843 1484 ipsius
876 1419 949 1466 com
979 1401 1119 1464 Ecclesia
1146 1400 1298 1464 catholica
1353 1397 1413 1462 679
1435 1396 1486 1478 (7.
1507 1407 1613 1463 tamen
1639 1397 1701 1472 777,
1716 1398 1776 1462 226
1799 1400 1832 1462 77
1854 1399 1997 1480 777777);
2028 1398 2109 1462 Con·

547 1499 774 1562 coniunctione
792 1496 857 1569 vll,
873 1495 924 1559 67.
949 1493 1060 1577 Alperii
1077 1493 1221 1557 vicarius
1237 1492 1296 1573 Δρ.

547 1592 719 1671 deputatur
750 1595 811 1653 etc.
844 1589 874 1662 7,
908 1587 989 1664 279;
1021 1589 1100 1652 item
1132 1586 1182 1655 777,
1216 1585 1296 1662 282;

547 1686 625 1746 item
639 1682 692 1756 lv,
706 1681 773 1756 787,
786 1681 857 1756 276,
873 1681 930 1746 777
947 1689 980 1744 77
993 1680 1074 1757 6337
1103 1679 1235 1744 consuli
1252 1681 1298 1742 777-

545 1793 644 1856 spano
666 1784 699 1839 et
720 1775 862 1854 Hispanis
884 1775 1006 1854 Algerii
1023 1773 1297 1838 commorantibus

545 1869 736 1948 indulgetur
756 1870 789 1931 iu
811 1869 924 1932 diebus
954 1869 1065 1932 ieiunii
1088 1875 1161 1938 etc..
1185 1865 1297 1930 iidem·

546 1979 609 2042 que
630 1964 669 2026 ab
690 1961 849 2028 Ordinarii
870 1963 1092 2026 iurisdictione
1108 1961 1297 2024 eximuntur

546 2057 599 2130 lv.
622 2057 697 2132 777;
720 2057 915 2136 Ερ7777ρ7777
937 2056 1069 2120 ecclesia
1092 2056 1230 2132 erigitur
1256 2056 1294 2129 v,

544 2148 604 2214 266
625 2157 657 2213 77
676 2149 757 2225 2677
795 2150 901 2212 Primo
933 2148 1089 2228 Episcopo
1122 2149 1213 2228 plura
1236 2157 1296 2212 tra-

545 2246 666 2308 duntur
698 2259 833 2308 munera
864 2251 895 2306 at
922 2243 1084 2306 adduntur
1114 2242 1237 2305 stimuli
1258 2245 1295 2306 ad

544 2339 665 2402 7777777
675 2339 761 2402 77777
774 2338 886 2401 lideles
896 2338 1086 2400 succidenda
1098 2344 1158 2399 etc.
1173 2335 1210 2410 v,
1223 2335 1294 2414 270;

546 2431 740 2494 Extenditur
771 2431 846 2494 novi
878 2431 936 2510 Ap.
969 2429 1085 2492 vicarii
1117 2429 1296 2494 iurisdictio

546 2523 611 2598 vll,
630 2525 701 2602 772;
725 2525 822 2588 Datur
845 2525 1000 2604 Episcopo
1015 2523 1215 2587 sodalitatem
1232 2541 1296 2586 777-

546 2620 663 2699 pularis
695 2627 755 2682 etc.
787 2619 935 2697 erigendi
967 2616 1098 2682 lacultas
1127 2615 1192 2691 777,
1222 2617 1293 2680 237.

544 2712 680 2796 Angulae
704 2719 897 2793 prorogatur
916 2711 1073 2790 Episcopo
1088 2709 1219 2775 lacultas
1235 2712 1295 2774 dis·

544 2807 698 2885 pensandi
718 2805 757 2868 ab
782 2805 1022 2884 impedimentis
1054 2804 1295 2869 matrimoniali-

544 2901 603 2965 bus
625 2909 658 2965 et
679 2901 852 2980 deputandi
875 2901 1055 2964 sacerdotes
1072 2908 1132 2964 etc.
1150 2899 1201 2972 77,
1217 2899 1293 2976 6627

542 2994 756 3058 Gubernatori
786 2993 957 3072 gratulatio
984 3009 1042 3072 pro
1071 2992 1218 3073 Episcopi
1244 3010 1295 3073 pa-

543 3092 613 3149 rato
644 3087 677 3148 in
710 3087 883 3150 dioecesim
915 3086 1021 3151 reditu
1054 3093 1115 3149 etc.
1144 3085 1194 3158 vl,
1224 3086 1292 3149 789.

545 3178 675 3246 Arabiae
699 3179 858 3257 delegatio
879 3196 910 3241 r.
930 3179 1072 3260 Aeppptt,
1092 3181 1187 3260 panto
1202 3197 1295 3260 supe-

542 3275 621 3338 rius.
636 3305 674 3320 -
687 3271 793 3338 Benini
810 3289 884 3336 orae
896 3273 1073 3336 vicariatus
1092 3273 1150 3353 Ap.
1172 3291 1294 3338 nuncu·

543 3369 665 3448 pandus
688 3375 749 3431 777.
773 3368 980 3430 constituitur
1004 3367 1075 3441 777,
1091 3368 1142 3432 97.
1167 3367 1293 3434 Bonae-

543 3458 616 3545 Spei
629 3463 844 3542 promontorii
856 3461 1068 3541 locorumque
1080 3463 1293 3526 adiacentium

543 3555 686 3620 vicarius
719 3557 777 3635 Ap.
802 3555 935 3633 eligitur
967 3554 1029 3629 Ν,
1053 3553 1132 3632 som
1166 3557 1293 3620 Erectio

542 3651 618 3714 nori
641 3649 816 3713 vicariatus
839 3651 897 3728 Ap.
921 3650 959 3713 ab
981 3649 1105 3712 insulae
1121 3648 1152 3712 S.
1171 3650 1295 3714 Mouri-

542 3744 580 3806 tii
602 3744 754 3807 vicariatu
777 3743 917 3808 distincti
940 3741 978 3816 7,
997 3741 1073 3819 788;
1096 3743 1216 3806 Divisio
1242 3745 1294 3808 vi-

541 3839 679 3901 cariatus
691 3839 724 3900 in
736 3838 815 3901 duos
828 3836 878 3910 vl,
887 3837 936 3911 77;
949 3837 1076 3900 Erectio
1089 3853 1191 3900 norae
1202 3840 1295 3902 Prae·

541 3932 682 3994 tecturae
709 3931 743 3994 in
775 3930 949 3994 vicariatus
982 3931 1185 3994 occidentalis
1221 3951 1294 3997 cett·

542 4032 592 4088 tro
611 4031 672 4088 etc.
689 4023 761 4096 vl*‚
778 4023 848 4086 277.
865 4055 903 4070 -
919 4020 1055 4105 6777777Ι
1073 4023 1220 4104 Episcopi
1242 4042 1293 4089 co·

540 4119 667 4184 adiutor
689 4120 771 4198 apud
802 4126 935 4198 gentem
960 4117 1055 4183 (77777
1085 4118 1218 4198 eiigitur
1241 4121 1291 4198 vl,

539 4213 609 4276 277.
627 4209 719 4294 (tongi
736 4215 806 4290 regi
819 4213 1089 4276 commendantur
1102 4214 1293 4278 missionarii

540 4306 710 4385 Gapuccini
726 4305 850 4380 th‚t‘a‚
860 4307 910 4380 27,
920 4305 959 4369 277
971 4307 1070 4384 7727;
1088 4307 1174 4371 idem
1197 4325 1292 4388 urge-

539 4407 603 4474 tur,
627 4408 663 4462 ut
685 4401 781 4463 trium
803 4401 958 4464 vitiorum
974 4401 1007 4463 in
1035 4417 1138 4480 regno
1159 4403 1292 4481 impune

540 4496 751 4572 grassantium
770 4493 973 4574 extirpationi
989 4511 1083 4574 opem
1098 4498 1292 4560 auctoritatis

539 4587 993 4666 suaeaccornmodetv1L433
1013 4590 1165 4652 Eiusdem
1189 4601 1292 4669 patro-

538 4682 622 4745 cinio
653 4684 898 4748 commendatur
927 4683 1088 4744 missionis
1110 4683 1292 4760 praelectus

538 4775 662 4849 777777,
673 4784 706 4839 77
720 4777 760 4840 77.
778 4777 895 4840 Paulus
908 4778 1017 4840 Franc.
1035 4795 1051 4838 a
1067 4777 1164 4839 Portu
1177 4779 1290 4842 Mauri·

538 4871 573 4934 tii
594 4878 655 4932 etc.
674 4869 738 4944 777,
755 4869 811 4947 63;
834 4871 954 4948 Regina
976 4869 1071 4933 vidua
1094 4872 1130 4934 ad
1153 4872 1228 4935 fidei
1243 4873 1289 4936 77-

537 4973 742 5027 crementum
761 4963 986 5026 exhortatione
1000 4971 1139 5041 urgetur
1155 4964 1221 5038 777,
1234 4966 1288 5043 78;

539 5057 586 5122 Aa
609 5075 721 5136 regem
741 5059 881 5120 mittitur
896 5057 1040 5120 diadema
1055 5075 1129 5121 cum
1146 5067 1289 5138 precato-

538 5152 584 5214 ria
605 5168 723 5216 corona
737 5152 949 5230 indulgentiis
964 5153 1059 5217 ditata
1079 5151 1143 5226 vll,
1158 5153 1207 5216 79.
1232 5152 1286 5218 Go·

537 5250 650 5328 777777
673 5245 818 5309 77777777
841 5247 899 5325 Δρ.
924 5247 1057 5325 eligitur
1080 5248 1107 5320 7,
1126 5246 1182 5324 76;
1206 5248 1289 5311 Coa-

537 5341 683 5404 stituitur
705 5341 850 5403 omnium
875 5341 1003 5404 Praesul
1034 5342 1083 5412 777,
1108 5339 1165 5418 36,
1194 5342 1288 5406 Prae·

1354 1493 1498 1556 stituitur
1530 1492 1588 1572 Ap.
1620 1493 1767 1556 vicarius
1800 1493 1937 1556 nationis
1969 1495 2109 1572 copticae

1355 1585 1406 1660 77,
1430 1587 1508 1664 7377
1532 1586 1731 1650 Patriarcbae
1753 1587 1926 1651 nunciatur
1942 1587 2052 1650 missio
2067 1585 2108 1650 tr.

1353 1678 1479 1744 Ordinis
1514 1698 1539 1743 s.
1569 1680 1743 1754 Erancisci‚
1773 1699 1789 1742 7
1818 1696 1883 1758 quo
1916 1680 2109 1744 remittenda

1353 1773 1427 1837 dein
1449 1774 1511 1838 erit
1531 1775 1569 1838 ad
1591 1774 1724 1840 Roman.
1742 1773 1928 1838 Pontificem
1952 1773 2109 1853 protessio

1353 1867 1427 1931 tidei
1449 1884 1544 1946 quam
1577 1869 1645 1946 ipse
1674 1870 1736 1932 cito
1767 1868 1923 1949 perticere
1952 1869 2109 1932 excitatur

1354 1962 1417 2036 777,
1441 1964 1509 2026 tta.
1533 1995 1572 2010 -
1595 1961 1763 2044 7777777777
1780 1962 1957 2027 vicariatus
1979 1962 2038 2042 Ap.
2053 1979 2108 2024 uo-

1353 2058 1436 2119 riter
1470 2065 1596 2120 erectus
1625 2057 1841 2120 committitur
1872 2064 1935 2121 etc.
1959 2057 2011 2130 vl.
2035 2055 2105 2120 379.

1352 2181 1390 2198 ·-
1419 2147 1555 2214 (iuineae
1588 2151 1770 2214 instituitur
1800 2165 1903 2213 novus
1932 2149 2108 2214 vicariatus

1353 2244 1410 2322 Δρ.
1436 2244 1492 2322 qui
1513 2251 1545 2308 et
1567 2243 1678 2307 Sicrro
1700 2244 1801 2307 77777
1821 2243 2104 2322 complectaturv.

1352 2336 1429 2414 367;
1453 2335 1567 2400 7777777
1591 2339 1648 2418 Δρ.
1674 2345 1819 2400 mutatur
1844 2337 1958 2400 titulus
1982 2335 2105 2412 v.330;

1351 2431 1529 2509 Utriusque
1544 2429 1685 2494 77777777
1701 2431 1872 2496 7777777777
1890 2431 1947 2510 Ap.
1961 2447 2104 2494 commu-

1353 2529 1437 2586 tatur
1453 2523 1653 2598 nomanvl*‚
1666 2521 1869 2590 tta-tancti
1886 2523 2124 2588 Pro-vicaria·

1353 2625 1404 2680 tus
1415 2633 1464 2696 ap.
1482 2618 1660 2682 instituitur
1676 2617 1741 2691 vll,
1761 2618 1829 2682 777.
1849 2653 1882 2662 -
1908 2617 2024 2700 toanpi
2047 2634 2106 2682 777

1351 2727 1656 2790 suamsuorumque
1677 2712 1925 2775 conversionem
1937 2713 2103 2784 nuncians,

1351 2805 1470 2869 certior
1486 2805 1521 2868 67
1535 2806 1575 2868 de
1591 2806 1715 2883 ingenti
1731 2805 1893 2869 Pontificis
1910 2806 2025 2883 gaudio
2043 2813 2103 2868 777.

1351 2899 1417 2971 777,
1444 2899 1494 2962 77.
1518 2931 1555 2946 -
1580 2897 1783 2980 bladagasoar
1806 2899 1909 2962 insula
1932 2898 2103 2962 vicariatui

1352 2995 1410 3073 Ap.
1428 2991 1632 3072 Bonae-Spei
1647 2993 1817 3057 subiicitur
1838 2991 1987 3068 1v‚tttta;
2011 2993 2104 3056 Prae·

1351 3087 1473 3150 lectura
1488 3089 1521 3151 in
1536 3087 1731 3151 vicariatum
1748 3087 1806 3166 Ap.
1821 3087 1959 3164 erigitur
1981 3086 2032 3158 vl.
2049 3087 2102 3162 533

1350 3181 1489 3260 Principi
1505 3181 1700 3244 hereditario
1715 3181 1844 3260 imperii
1867 3179 1981 3244 Horon
2002 3197 2102 3258 agun-

1351 3283 1404 3337 tur
1426 3275 1545 3353 gratiae
1568 3275 1608 3337 ob
1624 3275 1820 3354 peculiarem
1841 3274 2101 3338 benevolentiam

1349 3368 1383 3430 io
1410 3367 1630 3432 missionarios
1662 3377 1722 3433 etc.
1756 3369 1806 3441 vl,
1829 3369 1906 3442 272;
1939 3369 2102 3432 Praelecto

1350 3461 1408 3540 Ap.
1433 3461 1664 3539 gratulationes
1686 3463 1726 3525 de
1748 3463 1818 3525 eius
1834 3470 1867 3524 et
1881 3463 2042 3525 sociorum
2055 3463 2102 3526 in-

1350 3571 1465 3632 gressa
1487 3556 1520 3619 in
1536 3555 1652 3618 urbem
1670 3555 1876 3620 venenarios
1888 3564 1949 3618 etc.
1968 3554 2101 3632 77,273;

1350 3647 1429 3726 negt
1452 3649 1635 3726 gratulatio,
1659 3665 1718 3728 pro
1740 3658 1800 3712 etc.
1824 3657 1857 3712 et
1882 3649 2021 3712 laudatio
2044 3665 2102 3729 pro

1349 3743 1469 3806 vocatis
1492 3743 1700 3806 missionariis
1722 3743 1774 3820 vl,
1795 3743 1865 3807 387.
1895 3741 2040 3808 ltarocltii
2063 3745 2102 3807 de

1350 3837 1408 3916 Ap.
1432 3835 1595 3898 Praefecto
1618 3845 1860 3915 procuratorem
1891 3837 2006 3899 77777777
2028 3853 2102 3899 con·

1349 3929 1504 3993 stituente
1535 3944 1567 3991 v,
1601 3929 1846 4010 Propagandoa.
1879 3961 1917 3978 -
1945 3929 2038 3994 llatal
2069 3930 2102 3992 in

1350 4023 1473 4086 colonia
1495 4023 1762 4087 atro-britannica
1775 4023 1950 4087 vicariatus
1967 4023 2025 4102 Ap.
2040 4024 2100 4086 eri·

1351 4117 1438 4194 gitur
1450 4116 1501 4190 vl.
1517 4116 1584 4180 769.
1604 4115 1781 4199 Nigritaront
1798 4118 2030 4180 commercium
2047 4134 2100 4180 77·

1351 4211 1533 4291 tirpandum
1562 4212 1614 4286 lv,
1645 4213 1704 4276 tat
1733 4221 1765 4276 77
1792 4211 1870 4276 6327
1900 4212 2023 4274 Rursus
2052 4229 2102 4275 re·

1349 4305 1515 4384 probatur.
1530 4315 1573 4379 77,
1591 4323 1631 4370 77
1654 4309 1726 4386 quis
1749 4314 1877 4371 7777777
1899 4305 1978 4370 illud
2001 4307 2048 4370 uti
2065 4307 2101 4370 li·

1349 4402 1461 4474 777777,
1486 4401 1678 4480 prohibetur
1701 4401 1738 4475 v,
1761 4401 1831 4466 229.
1855 4433 1893 4448 -
1917 4397 1951 4464 S.
1967 4399 2097 4466 7777777777

1347 4495 1561 4574 supprimitur
1589 4494 1765 4558 vicariatus
1797 4493 1869 4573 Ap..
1903 4503 1935 4559 et
1962 4495 2100 4574 erigitur

1347 4589 1440 4652 sedes
1462 4588 1650 4667 episcopalis
1672 4587 1790 4650 Portus
1812 4587 1966 4652 Lsdooici
1981 4588 2033 4662 vl,
2048 4587 2098 4652 76.

1348 4679 1572 4764 Senegarnblae
1603 4681 1779 4746 vicariatus
1800 4682 1910 4762 Apost.
1935 4683 2100 4747 constitui·

1348 4783 1400 4838 tur
1424 4785 1485 4840 etc.
1510 4775 1561 4849 77,
1591 4775 1651 4839 3877
1673 4783 1705 4838 77
1726 4773 1794 4838 tot.
1830 4771 2096 4842 sienae-Aeonis

1346 4869 1484 4946 erigitur
1516 4869 1692 4932 vicariatus
1721 4869 1779 4948 Ap.
1804 4867 1855 4942 77,
1882 4867 1954 4932 280.
1988 4867 2097 4951 Syriae

1346 4964 1427 5026 circa
1438 4961 1632 5026 vicariatum
1648 4965 1706 5041 Ap.
1723 4963 1879 5026 nonnulla
1895 4963 2098 5027 declarantur

1346 5068 1377 5120 et
1399 5058 1620 5120 decernuntur
1642 5056 1680 5130 v,
1696 5055 1766 5120 269.
1783 5089 1822 5103 -
1838 5055 2021 5138 Tripolitana
2040 5059 2095 5121 Ar-

1344 5151 1548 5232 cidepiscopo
1577 5151 1791 5214 committitur
1822 5154 1970 5216 executio
1998 5153 2097 5216 trium

1344 5247 1551 5310 decretorum
1569 5263 1676 5309 sacrae
1690 5246 1959 5324 congregationis
1975 5247 2015 5310 de
2031 5263 2097 5309 mo·

1344 5339 1419 5402 niati
1440 5339 1567 5418 Agenie
1589 5347 1649 5404 etc.
1674 5340 1726 5414 77,
1749 5341 1806 5403 277
1829 5339 1883 5421 (7.
1902 5342 1995 5404 etiam
2020 5341 2098 5406 Pro·

538 5435 632 5498 tecto.
653 5435 814 5496 missionis
846 5435 1044 5513 caeterisque
1079 5437 1286 5499 missionariis
1340 5433 1545 5514 pacandos„
1567 5434 1794 5512 Respondetur
1820 5435 1978 5514 Episcopo
2000 5435 2039 5498 de
2062 5451 2097 5498 77

538 5529 709 5591 traduntur
740 5528 968 5592 instructiones
1000 5545 1097 5606 super
1119 5530 1226 5592 dubiis
1249 5533 1286 5594 ad
1343 5528 1380 5590 ad
1402 5527 1616 5590 Patriarcbam
1638 5537 1802 5607 spectante
1821 5528 1886 5603 777,
1902 5527 1973 5592 266.
1999 5525 2097 5594 7777-

536 5623 617 5684 77777
639 5622 726 5685 777777
748 5622 900 5685 777777777
916 5628 948 5684 77
962 5623 1099 5685 77777777
1122 5625 1286 5702 ρ7777777-
1342 5621 1381 5686 tls
1405 5629 1466 5684 etc.
1490 5621 1698 5685 constituitur
1720 5622 1865 5686 vicarius
1887 5623 1945 5701 Ap.
1970 5623 2021 5696 77,
2039 5622 2094 5686 787

536 5717 620 5779 77777
643 5717 692 5789 777,
714 5713 792 5792 2277
829 5716 927 5778 Iidem
950 5716 1127 5780 edocentur
1149 5719 1188 5780 de
1219 5718 1284 5791 7777,
1343 5723 1375 5778 77
1398 5713 1477 5791 276;
1507 5715 1671 5785 77777777
1700 5718 1810 5780 7777777
1839 5719 1872 5780 77
1902 5717 2095 5780 vicariatum

535 5825 616 5888 quae
638 5810 786 5874 Pontifex
808 5809 952 5872 decrevit
972 5810 1055 5872 circa
1077 5810 1285 5874 diaconorum
1342 5810 1402 5889 Ap.
1426 5811 1575 5888 erigitur,
1593 5818 1625 5874 et
1643 5812 1788 5874 eiusdem
1806 5813 1992 5874 nominatur
2008 5811 2096 5874 vica-

536 5904 772 5969 ordinationem
796 5910 828 5966 et
849 5902 1041 5966 coelibatum
1066 5903 1284 5980 atc.111‚ttt;
1342 5905 1421 5977 7777,
1439 5905 1494 5983 qui
1517 5905 1649 5984 eligitur
1667 5905 1844 5984 Episcopus
1868 5903 2021 5967 ecclesiae
2036 5905 2095 5968 lto·

536 5997 661 6062 vicario
683 5995 741 6076 Ap.
758 5997 946 6060 conceditur
967 5997 1132 6060 coadiutor
1144 5996 1283 6076 1v‚ttaa;
1343 5998 1438 6061 saliae
1461 5999 1494 6062 in
1516 6008 1596 6078 part.
1619 5997 1708 6061 intid.
1733 5997 1770 6072 v,
1794 5995 1865 6072 376,
1888 5997 1945 6061 377
1969 5999 2092 6062 77377.
