4756 6994
329 570 382 628 An.
395 571 423 626 C.
438 569 505 628 titt
563 569 619 633 ibt

542 720 648 767 sacrae
670 703 821 781 liturgiae
842 704 1042 781 aliarumque
1064 701 1287 766 ecclesiastica-

541 814 615 860 rum
640 798 842 861 functionum
867 804 1013 860 accurate
1034 798 1156 860 discant
1181 803 1213 858 et
1235 796 1287 857 oh·

541 897 683 954 servent.
708 889 842 968 Simque
857 891 915 954 hac
930 891 963 952 in
980 907 1014 952 re
1029 891 1220 962 unilormes,
1237 906 1288 968 pa-

541 985 743 1048 triarchalem
766 985 825 1047 sibi
847 985 1014 1048 ecclesiam
1036 991 1197 1062 tamquam
1215 998 1287 1045 nor-

542 1095 626 1140 mam
658 1087 886 1158 proponentes.
917 1079 1035 1141 Cantus
1065 1079 1160 1141 etiam
1188 1077 1287 1140 eccle-

539 1173 681 1236 siastioos
702 1173 847 1236 calleant.

581 1267 695 1330 ‹llanc
705 1267 966 1330 constitutionem
979 1267 1021 1328 ita
1033 1267 1240 1338 declaramus,
1253 1273 1289 1328 ut

542 1361 696 1422 nimirum
718 1359 756 1421 iis
778 1359 956 1433 breviariis,
977 1360 1168 1432 missalibus,
1192 1360 1287 1422 ritua—

541 1454 625 1518 libus
655 1453 837 1531 divinisque
865 1454 973 1516 officiis
1002 1454 1035 1516 in
1061 1453 1193 1516 ecclesia
1221 1461 1287 1516 uta-

541 1562 633 1620 mur,
657 1561 738 1624 quae
765 1563 824 1626 pro
849 1554 957 1610 nostra
984 1549 1113 1611 natione
1138 1565 1154 1608 a
1177 1546 1287 1610 Sancta

541 1638 624 1702 Sede
645 1639 825 1718 Apostolioa
839 1640 892 1702 uel
910 1658 927 1701 a
943 1641 1215 1703 reverendissimo
1234 1641 1287 1703 do-

541 1733 629 1795 mino
644 1733 822 1794 Patriarcha
838 1732 960 1796 luerint
971 1733 1150 1813 approbatas
1168 1735 1201 1796 in
1216 1751 1287 1796 coe·

540 1826 695 1889 remoniis
712 1840 841 1902 quoque
857 1833 889 1890 et
904 1827 936 1889 in
951 1837 1045 1890 cantu
1061 1827 1283 1900 ecclesiastico,

540 1920 642 1996 quoad
655 1919 872 1982 substantialia
885 1927 917 1981 et
928 1919 1083 1994 formalia,
1098 1921 1287 1999 patriarcha-

541 2013 604 2075 lem
628 2012 794 2074 ecclesiam
815 2013 994 2076 imitemur.
1018 2014 1097 2077 llinc
1117 2023 1176 2088 est,
1200 2015 1285 2092 quod

540 2122 593 2178 ea,
617 2106 753 2184 quaein
781 2107 905 2184 synodo
934 2107 1049 2170 llontis
1074 2108 1183 2170 Libani
1206 2109 1287 2171 circa

540 2199 685 2261 divinum
707 2198 831 2262 cultum
853 2206 886 2261 et
907 2201 1046 2263 nitorem
1079 2201 1285 2264 ecclesiarum

540 2293 733 2372 praescripta
761 2303 851 2366 sunt,
883 2295 1066 2357 executioni
1094 2295 1287 2358 demandare

539 2403 604 2448 non
626 2387 731 2450 solum
753 2387 798 2448 las
820 2387 912 2450 nobis
935 2403 1004 2450 esse
1026 2403 1206 2460 censemus,
1230 2391 1284 2451 sed

486 2519 489 2525 ,
539 2482 636 2543 etiam
658 2481 743 2543 omni
767 2482 872 2544 studio
894 2489 926 2544 et
948 2497 1008 2560 ope
1029 2487 1173 2560 satagere
1192 2483 1287 2545 debe-

540 2591 621 2648 mus,
646 2575 800 2636 nimirum

581 2669 609 2728 l.
632 2668 739 2742 Quoad
761 2685 886 2730 scamna
903 2668 1109 2748 psallentium
1125 2670 1158 2732 in
1174 2670 1284 2743 choro,

491 2775 493 2781 ’
538 2765 632 2846 (part.
649 2782 706 2836 ιι,
723 2782 790 2844 cap.
808 2783 851 2838 ιι,
868 2782 958 2828 num.
976 2764 1036 2845 vr.)
1057 2766 1090 2827 in
1112 2766 1286 2829 maioribus

512 2883 515 2890 ’
539 2866 646 2921 autem
662 2859 805 2922 ecclesiis
820 2866 852 2921 et
867 2861 1070 2922 monasteriis
1086 2860 1286 2923 inducendus

539 2963 588 3017 est
609 2969 698 3024 usus,
715 2959 751 3014 ut
772 2955 1008 3030 unusquisque,
1026 2954 1096 3016 loco
1112 2971 1170 3016 suo
1186 2961 1283 3028 stans,

538 3047 658 3108 librum
681 3061 756 3124 prae
779 3044 926 3109 manibus
948 3053 1070 3110 teneat:
1096 3049 1284 3110 indecorum

539 3141 625 3204 enim
662 3147 762 3212 esset,
801 3140 968 3218 ingentem
1005 3141 1197 3204 clericorum
1232 3142 1285 3204 vel

539 3235 771 3298 monachorum
794 3235 1035 3296 multitudinem
1065 3235 1233 3298 inconfuse
1255 3244 1286 3298 et

538 3329 718 3392 inordinate
740 3329 776 3391 ad
800 3328 944 3392 lectorile
966 3331 1159 3404 convenire,
1184 3337 1220 3392 ut
1246 3347 1284 3392 ex

537 3440 604 3486 uuo
625 3423 733 3486 codice
755 3439 868 3484 omnes
890 3429 1029 3486 cantent.

578 3518 607 3579 2.
623 3516 729 3590 Quoad
746 3516 906 3594 pulpitum
922 3518 959 3578 ad
976 3517 1128 3580 lectiones
1144 3518 1196 3604 vel
1212 3534 1285 3580 con-

538 3612 645 3674 ciones
667 3612 701 3673 in
723 3610 855 3673 ecclesia
876 3611 1096 3673 collocandum
1121 3610 1216 3690 (part.
1240 3629 1283 3674 ιι

538 3705 663 3784 synodi,
678 3720 743 3783 cap.
756 3721 791 3775 ι,
804 3719 894 3766 num.
910 3701 966 3782 v.),
980 3703 1012 3765 in
1025 3703 1089 3764 hnc
1105 3704 1216 3782 templi
1232 3721 1285 3766 ex-

539 3807 585 3861 tra
607 3798 764 3861 cancellos
786 3798 975 3875 designetur
988 3797 1078 3858 locus
1100 3797 1189 3858 chori
1206 3805 1238 3860 et
1251 3799 1284 3860 in

538 3893 658 3956 boreali
682 3893 750 3955 eius
771 3891 873 3954 latore
901 3892 988 3952 iuxta
1017 3890 1173 3953 cancellos
1198 3892 1284 3970 ipsos

538 3987 715 4050 collocetur
736 3986 840 4056 sedes,
857 3984 913 4046 ubi
928 3983 1108 4062 praelectus
1127 3985 1214 4046 chori
1237 4003 1285 4048 se·

538 4081 620 4142 deat.
650 4079 729 4141 'lres
750 4077 867 4140 sintin
889 4071 1037 4140 cancellis
1059 4085 1185 4156 portae,
1210 4094 1284 4156 qua-

538 4191 611 4237 rum
643 4173 746 4236 media
774 4173 876 4234 maior
908 4171 1043 4245 dicitur,
1076 4187 1158 4248 quae
1186 4172 1284 4236 altare

538 4273 668 4346 spectat,
692 4267 792 4328 altera
813 4273 904 4344 porta
925 4265 1197 4344 septentrionalis
1221 4271 1285 4328 ter-

539 4361 578 4423 tia
611 4360 847 4437 meridionalis3
880 4361 964 4422 inter
991 4360 1072 4422 hanc
1100 4365 1132 4420 et
1159 4367 1282 4436 portam

538 4455 676 4517 mediam
699 4457 740 4516 sit
760 4454 912 4533 pulpitus,
932 4453 988 4514 uhi
1003 4453 1136 4532 epistola
1151 4452 1282 4529 legitur,

538 4557 569 4611 et
584 4551 669 4611 inter
688 4549 826 4610 mediam
842 4554 874 4610 et
888 4548 1132 4610 meridionalem
1148 4545 1190 4608 sit
1204 4546 1284 4609 alter

538 4644 691 4721 pulpitus,
715 4643 771 4704 ubi
793 4641 1007 4719 Evangelium
1029 4641 1230 4704 enunciatur.

577 4737 606 4800 3.
629 4737 735 4811 Quoad
758 4736 1000 4798 confessionalia
1021 4736 1053 4796 in
1073 4735 1213 4797 ecclesiis
1229 4751 1284 4796 no-

538 4831 612 4893 stris
632 4833 670 4894 ad
692 4831 791 4893 instar
824 4831 975 4892 ecclesiae
1004 4829 1191 4892 cathedralis
1213 4829 1285 4891 hle·

538 4925 645 5001 pensis
673 4925 855 4987 collocanda
882 4923 936 5004 (ex
965 4923 1088 5001 synodo
1121 4929 1200 5001 part.
1229 4939 1282 4996 ιι,

538 5035 604 5097 cap.
628 5034 686 5091 ιι,
710 5033 800 5080 num.
825 5015 882 5097 ι),
912 5023 1027 5078 curent
1049 5013 1224 5090 Ordinarii,
1249 5025 1285 5080 ut

537 5111 752 5174 confessarius
764 5111 878 5173 haheat
891 5112 924 5171 in
940 5109 1073 5172 ecclesia
1087 5111 1198 5172 sedem
1210 5127 1284 5172 oon·

538 5205 758 5278 lessionalem,
786 5205 819 5267 in
847 5219 909 5282 qua
938 5219 1039 5265 sacras
1065 5203 1284 5266 confessiones

538 5299 691 5378 excipiat,
715 5314 796 5376 quae
822 5299 915 5360 sedes
944 5298 1081 5375 patenti,
1112 5297 1284 5374 conspicuo

538 5400 571 5455 et
591 5402 664 5472 apto
686 5393 838 5455 ecclesiae
860 5393 930 5455 loco
952 5392 1064 5470 posita,
1080 5399 1166 5455 orate
1187 5393 1283 5454 etiam

537 5487 698 5567 pectorata
726 5489 811 5550 inter
840 5487 1060 5566 poenitentem
1087 5493 1118 5548 et
1140 5487 1284 5549 sacerdo-

539 5589 604 5643 tem
625 5585 666 5643 sit
685 5580 851 5643 instructa.

578 5675 838 5737 thearchicae
866 5675 995 5752 linguae
1023 5691 1084 5736 usu
1113 5674 1145 5735 in
1168 5673 1283 5736 divinis

538 5769 648 5830 ciliciis
670 5769 725 5849 (ex
748 5770 858 5831 eadem
880 5769 1016 5847 synodo,
1038 5775 1118 5847 part.
1143 5784 1191 5840 ιι,
1215 5783 1281 5845 cap.

538 5879 623 5936 ιιιι,
649 5879 739 5925 num.
764 5861 834 5942 ιιι),
858 5863 931 5940 quia
953 5871 1060 5926 tamen
1082 5862 1114 5922 in
1140 5867 1282 5922 nostram

538 5957 704 6018 ecelesiam
720 5975 736 6017 a
751 5957 861 6018 multis
877 5957 1009 6018 saeculis
1027 5955 1226 6017 consuetudo
1237 5955 1283 6017 in-

1059 585 1125 632 rua.
1149 583 1240 632 rous.
1264 583 1305 630 ne
1327 583 1357 630 a.
1381 581 1410 630 r.
1434 583 1518 631 anns
1539 583 1561 633 t.

1339 707 1434 767 vvecta
1457 709 1516 774 est,
1540 712 1662 766 utnon
1694 703 1799 766 solum
1831 703 1941 781 lingua
1972 702 2092 781 syriaca

1346 795 1473 856 missam
1496 799 1675 860 sacerdotes
1697 797 1883 868 celebrent,
1907 797 1961 858 sed
1993 797 2092 858 multa

1345 891 1441 951 etiam
1476 892 1599 954 arabice
1635 893 1773 954 recitent
1807 908 1864 954 seu
1899 897 2028 963 canant,
2058 908 2092 954 ao

1347 985 1531 1062 praesertim
1565 985 1752 1064 apostolicas
1773 994 1805 1048 et
1827 985 2027 1062 evangelicas
2049 984 2092 1046 le-

1345 1076 1467 1138 ctiones
1490 1085 1521 1140 et
1536 1078 1705 1156 plerasque
1721 1093 1844 1156 preces,
1862 1093 1943 1155 quae
1959 1077 2092 1141 elatiore

1346 1184 1423 1232 voce
1438 1171 1470 1232 in
1486 1171 1579 1232 missa
1595 1172 1756 1244 dicuntur,
1774 1171 1891 1234 idcirco
1910 1188 2006 1234 usum
2023 1175 2092 1234 eius

1346 1263 1473 1340 linguae
1484 1255 1636 1338 arabicae,
1649 1265 1816 1337 nimirum,
1830 1281 1911 1342 quae
1926 1265 1958 1327 in
1975 1268 2092 1330 nostris

1346 1358 1516 1434 provinciis
1532 1359 1675 1436 vulgaris
1691 1365 1749 1432 est,
1762 1374 1909 1436 quaeque
1921 1359 1953 1421 in
1966 1361 2091 1422 oriente

1347 1452 1459 1529 passim
1482 1452 1515 1514 in
1547 1452 1662 1514 divinis
1691 1453 1801 1514 otlioiis
1833 1453 1870 1514 ab
1895 1453 1963 1516 aliis
1995 1454 2088 1516 etiam

1345 1545 1524 1608 christianis
1536 1545 1719 1608 nationibus
1731 1547 1877 1609 adhiberi
1891 1548 2006 1627 coepit,
2021 1564 2091 1628 per-

1347 1639 1503 1702 mittimus
1526 1646 1558 1702 et
1585 1640 1804 1713 concedimus,
1837 1642 1882 1703 sio
1904 1649 2032 1713 tamen,
2056 1650 2093 1705 ut

1346 1733 1486 1810 primum
1508 1732 1639 1810 linguae
1660 1735 1801 1811 syriacae
1822 1751 1900 1797 usus
1923 1736 1954 1796 in
1977 1735 2091 1798 iisdem

1344 1827 1460 1888 divinis
1483 1827 1592 1890 officiis
1615 1827 1746 1889 omnino
1776 1829 1953 1892 retineatur
1975 1839 2007 1893 et
2029 1830 2091 1894 tre-

1344 1926 1530 1998 quentetur,
1562 1921 1678 1982 deinde
1700 1922 1732 1982 in
1756 1921 1947 1995 missalibus,
1971 1923 2091 1987 rituali·

1346 2016 1420 2088 hus,
1455 2013 1690 2092 pontificalibus
1721 2031 1756 2077 ao
1791 2016 1908 2078 (lirinis
1935 2018 2044 2081 otlioiis
2065 2021 2090 2081 si

1344 2109 1418 2188 quid
1441 2109 1564 2172 arabice
1592 2123 1724 2172 vorsum
1753 2119 1823 2172 tum
1853 2111 1885 2172 in
1918 2114 2092 2176 manuscri-

1346 2204 1416 2281 ptis,
1442 2213 1508 2265 tum
1531 2203 1564 2264 in
1579 2203 1744 2281 impressis
1760 2203 1979 2267 ecclesiasticis
2001 2206 2090 2268 libris

1344 2298 1500 2368 occurrit,
1532 2296 1611 2358 illud
1645 2296 1731 2358 idem
1758 2312 1776 2358 e
1804 2296 1939 2373 regione
1967 2299 2090 2377 syriaco

1344 2392 1494 2454 idiomate
1523 2389 1658 2453 describi
1688 2389 1820 2461 debeat,
1844 2397 1880 2450 ut
1901 2406 2030 2470 semper
2057 2393 2090 2454 in

1345 2493 1494 2565 promptu
1517 2485 1568 2558 sit,
1593 2501 1652 2546 neo
1673 2482 1843 2560 aliquando
1865 2493 1985 2561 pereat.

1382 2581 1411 2642 5.
1436 2579 1581 2655 Denique
1602 2578 1703 2655 quoad
1727 2583 1837 2638 cantus
1862 2579 2090 2642 ecclesiasticos

1342 2673 1436 2752 (part.
1450 2690 1493 2734 ιιι
1511 2671 1655 2734 eiusdem
1679 2670 1804 2748 synodi,
1821 2687 1887 2749 cap.
1905 2687 1946 2744 ι,
1964 2689 1996 2734 n.
2014 2673 2088 2752 ιιι),

1343 2776 1457 2830 curent
1478 2774 1586 2830 autem
1609 2765 1767 2842 Episcopi,
1784 2771 1819 2826 ut
1838 2765 1870 2826 in
1892 2765 2090 2844 frequentio-

1343 2862 1432 2923 ribus
1454 2859 1594 2923 ecclesiis
1611 2864 1651 2921 et.
1662 2859 1865 2920 monasteriis
1881 2860 1922 2921 sit
1937 2861 2090 2937 magister

1343 2963 1452 3018 cantus
1475 2955 1700 3024 ecclesiastici,
1725 2954 1779 3031 qui
1806 2961 1911 3016 tamen
1944 2955 2090 3018 ecclesia-

1343 3049 1437 3112 sticos
1459 3065 1524 3110 non
1548 3047 1695 3126 profanos
1716 3055 1827 3110 cantus
1850 3048 1971 3110 doceat.

1383 3143 1535 3216 «Tertio,
1553 3149 1633 3220 part.
1647 3158 1695 3213 ιι,
1713 3157 1779 3220 cap.
1799 3159 1839 3214 v.,
1858 3157 1948 3205 num.
1965 3159 2027 3215 ιιι,
2045 3144 2089 3204 di·

1342 3238 1441 3301 citur:
1466 3237 1582 3300 Curam
1606 3237 1785 3298 animarum
1804 3253 1901 3298 nemo
1916 3253 1956 3299 ex
1971 3239 2089 3300 nostris

1342 3332 1502 3410 suscipiat,
1523 3345 1629 3407 neque
1651 3329 1684 3390 in
1707 3330 1755 3401 iis,
1773 3345 1853 3406 quae
1875 3331 2086 3407 parochorum

1342 3435 1396 3489 aut
1411 3426 1639 3504 Episcoporum
1657 3423 1736 3485 iuris
1752 3431 1837 3495 suut,
1852 3439 1885 3484 se
1900 3424 2087 3501 immisceat;

1341 3519 1515 3596 siquando
1538 3524 1644 3579 autem
1674 3518 1711 3581 ab
1734 3517 1889 3596 Episcopo
1920 3524 1974 3580 aut
1998 3535 2089 3582 reue-

1342 3612 1533 3674 rendissimo
1556 3609 1686 3674 domino
1701 3611 1880 3672 Patriarcha
1895 3611 2000 3673 iussus
2023 3613 2089 3674 tue-

1342 3707 1384 3768 rit
1405 3705 1508 3768 llhbas
1532 3705 1733 3776 monasterii,
1757 3713 1793 3765 ut
1814 3704 1882 3782 ipse
1904 3705 1956 3768 vel
1975 3705 2088 3783 aliquis

1342 3801 1575 3864 monachorum
1603 3799 1636 3862 in
1668 3799 1865 3860 monasterio
1896 3805 1950 3860 aut
1977 3799 2088 3860 vicinis

1340 3911 1397 3957 seu
1426 3893 1559 3956 remotis
1591 3893 1668 3954 locis
1699 3891 1854 3970 populum
1886 3892 2007 3966 doceat,
2036 3895 2088 3957 vel

1341 3989 1559 4052 confessiones
1582 3986 1696 4058 audiat,
1719 3992 1774 4048 aut
1791 3986 1849 4046 alia
1867 4001 2089 4066 quaecumque

1341 4089 1536 4145 sacramenta
1557 4080 1769 4151 administret,
1786 4080 1823 4141 ab
1847 4096 1885 4141 eo
1907 4079 2086 4144 lacultatem

1342 4173 1520 4254 inscriptis
1542 4173 1660 4235 habere
1681 4179 1783 4236 curet.

1381 4269 1447 4330 ‹ln
1470 4269 1527 4330 hac
1555 4266 1783 4330 constitutione
1805 4265 1896 4328 nobis
1925 4283 1988 4330 non
2018 4286 2090 4348 pro-

1344 4363 1471 4426 hibetur
1499 4362 1631 4440 quaevis
1659 4366 1934 4422 sacramentorum
1957 4364 2089 4427 admini-

1342 4457 1462 4528 stratio,
1487 4457 1542 4518 sed
1565 4471 1612 4527 ea,
1633 4469 1714 4532 quae
1730 4454 1857 4532 propria
1873 4460 1922 4516 est
1938 4459 2089 4532 parocho-

1342 4567 1414 4612 rum
1450 4566 1526 4627 erga
1560 4547 1757 4619 saeculares,
1796 4563 1869 4608 nam
1905 4548 1938 4610 in
1970 4551 2088 4612 nostris

1343 4643 1543 4707 monasteriis
1565 4643 1671 4705 divina
1694 4641 1793 4704 ollicia
1808 4641 1915 4704 omnia
1938 4650 1970 4704 et
1989 4661 2088 4707 sacra-

1343 4743 1449 4798 menta
1464 4733 1693 4805 Poenitentiae,
1706 4733 1923 4796 Eucharistiae
1935 4741 1967 4796 ct
1976 4735 2088 4798 Extre-

1343 4847 1411 4892 mae
1433 4829 1598 4892 chtionis
1620 4833 1683 4888 tam
1706 4827 1869 4888 monachis
1888 4843 1983 4904 quam
1999 4828 2088 4892 lami-

1342 4925 1473 4987 liaribus
1501 4922 1630 4993 nostris,
1653 4920 1772 4982 ibidem
1802 4923 2085 4997 commorantibus,

1341 5017 1562 5080 administrare
1588 5014 1679 5076 nobis
1707 5012 1791 5086 licet,
1816 5020 1848 5074 et
1872 5016 2087 5080 saecularibus

1342 5113 1436 5175 etiam
1449 5113 1485 5174 ad
1498 5117 1621 5173 nostras
1633 5107 1779 5170 ecclosias
1789 5108 2023 5182 accedentibus,
2034 5127 2087 5173 ex-

1341 5212 1429 5284 cepta
1445 5202 1673 5267 communione
1688 5199 1845 5278 paschali;
1867 5200 1926 5262 alia
1942 5203 1980 5265 de
1996 5219 2086 5266 more

1341 5305 1536 5361 sacramenta
1551 5297 1639 5358 iuxta
1654 5309 1860 5357 communem
1877 5297 2013 5358 nationis
2032 5315 2087 5361 no·

1341 5401 1424 5456 strae
1454 5391 1739 5460 consuetudinem,
1767 5405 1781 5447 a
1808 5389 2087 5454 reverendissimis

1342 5485 1530 5548 Patriarchis
1558 5483 1773 5563 approbatam,
1800 5481 1949 5544 conterre
1979 5501 2087 5562 possu-

1344 5595 1425 5652 mus,
1449 5593 1529 5656 quae
1552 5595 1616 5640 non
1632 5585 1707 5640 sunt
1728 5577 1808 5639 iuris
1823 5579 2037 5656 parochorum
2056 5587 2089 5642 et

1342 5673 1584 5750 Episcoporum.
1607 5671 1707 5734 Curet
1727 5679 1834 5732 autem
1857 5671 1961 5736 hbbas
1980 5689 2088 5734 mona·
2165 5689 2167 5693 ·

1341 5767 1430 5828 sterit
1453 5773 1484 5828 et
1506 5765 1653 5828 monachi
1677 5762 1791 5840 nostri,
1815 5766 1994 5829 universim
2017 5783 2088 5846 per-

1343 5867 1470 5939 petuam
1501 5860 1680 5922 animarum
1711 5876 1835 5934 curam,
1870 5869 2024 5938 quantum
2054 5864 2086 5923 in

1341 5956 1416 6033 ipsis
1438 5962 1496 6028 est,
1514 5971 1578 6016 non
1596 5956 1770 6033 suscipere,
1788 5955 1882 6017 etiam
1905 5955 1965 6017 sibi
1980 5956 2017 6016 ab
2032 5954 2088 6018 Or-
