4814 6992
334 597 387 654 Au.
401 596 429 652 C.
445 593 513 652 11156
569 593 609 658 36

549 729 690 807 benigne
701 728 862 808 suscipias,
878 727 1008 804 illisque
1023 726 1059 789 ad
1074 741 1130 788 cor
1145 721 1295 794 reversis,

550 823 694 886 debitum
725 839 782 901 per
817 820 1067 884 inobedientiam
1099 822 1297 882 contractum

551 923 680 995 paterna
708 916 861 978 charitate
893 913 1049 976 remittas.
1083 912 1126 974 lta
1159 917 1191 971 et
1222 907 1298 970 boni

549 1011 700 1089 pastoris,
738 1009 793 1087 qui
828 1009 973 1070 amissam
1010 1021 1105 1070 orem
1141 1017 1297 1082 quaerere

549 1103 787 1182 suppositisque
809 1100 955 1164 humeris
976 1101 1013 1164 ad
1035 1099 1157 1162 caulam
1173 1095 1298 1158 reterre

549 1213 614 1259 non
639 1197 847 1273 dedignatur,
871 1201 903 1256 et
936 1192 1152 1256 misericordis
1181 1189 1296 1269 patris,

550 1291 604 1368 qui
633 1290 736 1352 filium
767 1287 988 1367 poenitentem
1020 1285 1121 1349 obviis
1152 1283 1237 1346 ulnis
1264 1283 1297 1344 in

550 1384 722 1462 pristinum
753 1382 871 1445 amoris
903 1381 1010 1444 sinum
1039 1379 1161 1458 recepit
1192 1386 1297 1457 partes

549 1477 708 1556 implebis.

588 1571 702 1634 Datum
718 1570 847 1642 Rornae,
865 1569 946 1648 apud
964 1566 996 1630 S.
1010 1568 1154 1640 Petrum,
1171 1566 1230 1629 sub
1246 1582 1298 1628 an·

549 1666 627 1729 nulo
638 1664 815 1736 Piscatoris,
832 1663 883 1726 die
899 1679 966 1725 xlx.
980 1661 1134 1725 februarii
1153 1676 1295 1734 mnenon,

549 1759 751 1838 pontificatus
773 1756 875 1820 nostri
896 1772 981 1818 anno
1002 1773 1024 1817 r.

883 2039 961 2104 llll.

548 2230 772 2292 llortotoriero
793 2227 934 2309 capitote
964 2227 1123 2292 Ecclesiae
1148 2225 1297 2288 Cocineio-

587 2324 643 2394 sie,
659 2324 822 2386 occasione
836 2323 997 2385 missionis
1013 2320 1134 2402 loecpbi
1149 2339 1169 2384 o
1184 2320 1215 2382 S.
1230 2319 1297 2384 Mo·

586 2417 640 2481 rio
662 2417 703 2480 od
722 2416 924 2498 procinctum
939 2413 1215 2496 Aegomoieoeem.

548 2605 676 2671 Dilectie
698 2603 772 2670 liliis
794 2603 905 2671 licerio
921 2600 1081 2686 capitulari
1099 2601 1223 2668 Eccles.
1240 2603 1297 2668 00-

588 2699 689 2766 cinen.
713 2697 791 2764 illius
814 2695 888 2763 sede
912 2696 1079 2778 episcopali
1103 2701 1232 2764 tacente
1257 2697 1298 2763 te-

588 2794 688 2876 gitiore
711 2791 862 2872 deputato,
887 2807 924 2856 ae
947 2791 1076 2872 capitulo
1092 2797 1124 2856 et
1138 2791 1297 2858 canonicis

588 2885 683 2952 eiusd.
707 2884 830 2950 Eccles.
854 2883 1009 2962 (louinco,

721 3069 957 3137 ltfixhhoett
982 3071 1044 3138 ΡΡ.
1067 3070 1128 3137 llll.

830 3259 938 3326 bilectt
956 3259 1018 3339 lilii,

600 3353 1248 3439 mmmmmmmmmffl

588 3547 670 3610 Cum
693 3563 751 3625 pro
768 3545 998 3624 componendis
1021 3545 1181 3608 Ecclesiae
1196 3546 1299 3625 hnga-

550 3641 666 3704 rnalen.
680 3639 833 3710 Thomas,
850 3638 1061 3701 archidiaconi
1077 3639 1223 3701 eiusdem
1243 3639 1299 3702 Ec-

548 3735 663 3796 clesiae
684 3749 741 3795 seu
763 3731 891 3803 Terrae,
916 3747 1022 3809 opera,
1046 3739 1082 3794 ut
1106 3733 1297 3810 accepimus,

550 3827 693 3889 turbatae
716 3825 862 3896 dissidiis,
897 3823 1049 3887 dilectum
1082 3825 1185 3888 tilium
1217 3825 1299 3890 lose·

549 3921 649 3998 phum
672 3937 688 3982 a
710 3918 742 3981 S.
767 3917 881 3988 Maria,
912 3916 1044 3980 tratrem
1075 3919 1298 3982 discalceatum

548 4013 674 4077 Ordinis
696 4012 841 4076 eiusdem
859 4009 890 4074 S.
909 4011 1023 4074 hieriae
1038 4013 1077 4074 de
1093 4020 1204 4075 monte
1225 4013 1298 4076 Gar-

549 4108 646 4180 melo,
671 4107 778 4168 virum
801 4105 976 4168 uirtutibus
998 4123 1032 4168 ac
1048 4107 1176 4186 optimis
1199 4108 1298 4184 quali-

549 4201 665 4264 tatibus
694 4199 886 4278 praeditum,
910 4199 948 4261 ad
970 4198 1039 4260 illas
1071 4206 1177 4279 partes
1204 4201 1299 4263 desti-

549 4309 625 4356 nare
654 4293 914 4368 decreverimus3
948 4292 1023 4355 hinc
1055 4301 1104 4355 est
1134 4296 1219 4371 quod
1242 4312 1299 4357 nos

548 4387 754 4450 dilectionem
769 4393 923 4458 vestram,
940 4388 1159 4463 praesentium
1172 4395 1297 4462 tenore,

548 4482 580 4543 in
611 4480 748 4542 Domino
776 4479 958 4542 censuimus
982 4479 1227 4554 adhortandum,
1250 4491 1297 4557 ut,

548 4591 606 4654 pro
621 4580 730 4636 nostra
742 4581 774 4636 et
786 4573 877 4636 Sedis
889 4572 1088 4650 Apostolicae
1103 4577 1296 4650 reverentia,

548 4667 745 4746 praedictum
761 4667 930 4745 losephum
949 4667 985 4728 ad
1002 4681 1060 4729 vos
1081 4665 1298 4733 divertentem

548 4761 689 4838 benigne
718 4759 897 4838 excipiatis,
928 4759 1042 4838 illique
1071 4763 1298 4840 quodcumque

548 4861 766 4934 opportunum
799 4854 955 4916 auxilium
978 4863 1010 4916 et
1038 4853 1181 4918 levorem
1211 4871 1299 4934 prae-

548 4948 666 5019 beatis,
690 4955 723 5010 et
744 4963 802 5026 pro
823 4948 947 5010 viribus
968 4949 1136 5022 assistatis,
1167 4955 1203 5011 ut
1230 4950 1299 5028 ipse

547 5041 682 5104 consilio
704 5049 736 5104 et
758 5058 818 5120 ope
842 5049 948 5104 vestra
970 5041 1107 5115 adiutus,
1141 5059 1298 5106 memora-

549 5141 598 5197 tae
620 5133 780 5197 Ecclesiae
802 5133 1028 5211 hugamalensi
1051 5149 1159 5212 pacem
1178 5143 1211 5199 et
1225 5153 1298 5198 con-

548 5227 743 5292 cordantiam
766 5228 797 5288 in
821 5227 1048 5290 executionem
1074 5229 1297 5291 mandatorum

548 5328 753 5392 nostrorum,
777 5319 813 5381 ad
837 5319 1066 5399 omnipotentis
1092 5319 1148 5382 Dei
1170 5321 1297 5384 laudem

549 5421 581 5478 et
601 5414 757 5477 Dominici
785 5414 894 5490 gregis
921 5414 1076 5486 salutem,
1104 5415 1295 5490 restituere,

547 5527 581 5572 ac
603 5507 840 5580 christifideles,
863 5507 964 5570 aliena
989 5509 1176 5572 seductione
1199 5517 1231 5571 et
1252 5511 1298 5572 in·

548 5601 692 5664 consulta
721 5601 851 5664 levitate
880 5617 991 5663 aven.
1023 5601 1112 5664 lratri
1134 5602 1297 5682 hrchiepi-

546 5711 643 5774 scopo
665 5695 909 5772 hngamalensi,
937 5712 1051 5758 eorum
1082 5702 1222 5774 pastore,
1253 5697 1297 5759 di-

535 5796 690 5864 ,stractos
720 5789 758 5851 ad
787 5789 931 5852 eiusdem
961 5789 1200 5867 hrchiepiscopi
1223 5790 1296 5852 obe-

1070 607 1135 653 lblt.
1160 603 1252 650 PONT-
1276 604 1316 649 bn
1339 604 1368 650 Ρ.
1392 605 1422 649 E.
1447 607 1530 650 PARS
1552 607 1574 650 l.

1355 721 1507 785 dientiam
1529 723 1695 796 reducere,
1731 721 1865 785 Domino
1898 727 2102 800 cooperante,

1354 816 1467 878 valeat.
1491 815 1667 895 implebitis
1696 833 1731 878 ea
1759 816 1792 878 in
1813 832 1849 877 re
1878 821 1983 893 partes
2011 830 2104 877 vero-

1354 925 1427 972 rum
1450 910 1608 973 Ecclesiae
1629 909 1810 973 Catholicae
1826 910 1979 981 llliorum,
1999 909 2104 971 nobis-

1354 1018 1417 1080 que
1449 1005 1669 1081 gratissimum
1692 1004 1754 1066 erit
1775 1002 1931 1080 quidquid
1964 1001 2105 1065 benevo-

1354 1096 1470 1159 lentiae
1494 1097 1598 1160 eidem
1621 1097 1756 1175 losepho
1778 1096 1982 1174 impendetis.

1394 1190 1508 1252 batum
1523 1189 1652 1262 Romae,
1670 1189 1753 1268 apud
1768 1187 1800 1250 S.
1817 1189 1961 1262 Petrum,
1978 1189 2037 1251 sub
2052 1207 2105 1250 an-

1354 1282 1432 1345 nulo
1447 1283 1625 1356 Piscatoris,
1642 1283 1693 1346 die
1709 1299 1776 1344 xix.
1794 1281 2102 1356 lebruariiunccv1.,

1354 1377 1555 1453 pontificatus
1577 1376 1680 1438 nostri
1700 1391 1784 1438 anno
1806 1392 1828 1437 r.

1701 1659 1753 1723 lx.

1357 1848 1533 1931 Confirmet
1563 1850 1756 1914 Dioieiooem
1786 1849 1977 1912 Provinciae
1999 1849 2030 1912 S.
2056 1850 2103 1913 lo·

1394 1941 1461 2006 cobi
1482 1944 1519 2006 de
1541 1943 1663 2008 Mecico
1686 1941 1816 2006 Ordinis
1840 1942 2105 2006 Praedicatorom

1393 2037 1428 2099 io
1451 2037 1552 2101 indiis
1574 2037 1609 2100 in
1631 2037 1712 2100 deos
1734 2035 1924 2100 Provinciae
1945 2036 2001 2118 (2).

1524 2181 1765 2276 stratones
1785 2209 1847 2295 ee.
1872 2209 1932 2277 rrr.

1493 2332 1528 2398 ad
1551 2333 1683 2399 loturam
1712 2333 1756 2398 rei
1780 2333 1963 2399 nemoriani.

1395 2507 1526 2570 Secreto
1560 2515 1711 2572 aeternae
1746 2510 1968 2588 providentiae
2003 2513 2104 2573 consi·
2143 2537 2323 2582 mooemnun.

1354 2602 1415 2674 lio,
1447 2602 1570 2664 meritis
1599 2603 1674 2664 licet
1704 2603 1899 2681 imparibus,
1932 2604 1964 2664 in
1994 2621 2105 2682 supre-

1355 2712 1407 2758 mo
1441 2695 1606 2758 militantis
1643 2695 1802 2758 Ecclesiae
1838 2697 1955 2760 throno
1992 2699 2105 2760 consti-

1356 2791 1427 2862 tuti,
1445 2791 1629 2852 animorum
1649 2791 1864 2862 concordiam,
1880 2793 1949 2852 sine
1965 2807 2026 2868 qua
2041 2807 2106 2854 non

1355 2883 1438 2946 bene
1466 2882 1583 2944 colitur
1611 2883 1761 2962 Princeps
1788 2885 1888 2962 pacis,
1919 2885 2004 2946 inter
2033 2885 2106 2947 reli-

1356 2977 1462 3056 giosos
1488 2976 1588 3050 viros,
1618 2991 1698 3054 quos
1728 2977 2107 3056 postpositisdissentio-

1355 3072 1450 3134 nibus
1471 3071 1504 3132 in
1526 3071 1717 3133 humilitatis
1739 3071 1854 3150 spiritu
1869 3079 1942 3134 rota
1964 3073 2105 3135 suellen

1355 3164 1493 3227 reddere
1525 3165 1634 3237 decet,
1665 3163 1803 3227 solidare
1830 3171 1984 3243 quantum
2014 3167 2105 3229 nobis

1356 3274 1396 3321 ox
1417 3257 1481 3320 alto
1506 3257 1693 3322 conceditur
1717 3259 1902 3337 satagimus,
1926 3267 1959 3322 et
1979 3268 2106 3339 propte-

1355 3368 1426 3424 rea,
1461 3367 1580 3430 quaea
1608 3351 1847 3429 Religiosorum
1877 3351 2032 3416 Ordinum
2054 3371 2107 3418 su-

1356 3445 1535 3523 perioribus
1571 3446 1607 3509 ad
1643 3447 1857 3508 removendas
1893 3448 2106 3511 dissentiones

1355 3539 1440 3601 inter
1460 3541 1651 3603 eorumdem
1666 3539 1821 3604 Ordinum
1839 3541 2037 3620 professores
2053 3560 2106 3605 ex-

1356 3640 1439 3695 ortas
1462 3632 1595 3711 provide
1618 3632 1804 3706 factasunt,
1829 3635 1979 3708 libenter,
1998 3652 2106 3697 cuma

1356 3726 1447 3788 nobis
1473 3727 1604 3805 petitur,
1635 3727 1823 3805 apostolicae
1854 3728 2105 3791 confirmationis

1355 3821 1473 3883 robore
1496 3821 1752 3892 communimus,
1790 3829 1886 3900 prout
1907 3822 1939 3883 in
1968 3821 2105 3885 Domino

1356 3914 1568 3992 conspicimus
1591 3913 1764 3977 salubriter
1786 3915 1949 3993 expedire.

1395 4009 1413 4084 ἓ
1436 4009 1463 4069 1.
1488 4007 1613 4085 Exponi
1635 4007 1794 4084 siquidem
1817 4009 1909 4070 nobis
1931 4025 2036 4088 nuper
2062 4010 2105 4072 le·
2124 4032 2340 4131 gss‘ljffissall'm'
2391 4087 2392 4090 Ἴ

1355 4105 1398 4166 cit
1419 4103 1554 4166 dilectus
1570 4102 1655 4164 filius
1671 4103 1804 4164 loannes
1827 4103 1866 4165 de
1886 4102 1971 4165 Silva
1990 4105 2105 4167 Procu-

1355 4207 1442 4263 rator
1464 4205 1643 4262 conventus
1667 4197 1771 4260 Sancti
1792 4198 1948 4261 Dominici
1970 4199 2105 4262 civitatis

1355 4293 1615 4372 hngelopolitan.
1640 4292 1673 4353 in
1693 4291 1790 4353 lndiis
1813 4293 1949 4355 lratrum
1978 4291 2104 4356 Ordinis

1355 4389 1624 4458 Praedicatorum,
1639 4387 1723 4464 quod
1740 4386 1875 4448 dilectus
1894 4387 2010 4464 pariter
2021 4387 2105 4450 tilius

1355 4481 1488 4545 loannes
1510 4481 1646 4558 Baptista
1668 4481 1707 4542 de
1730 4480 1857 4542 Marinis
1883 4481 2027 4543 eiusdem
2050 4479 2105 4543 Or-

1356 4577 1438 4639 dinis
1454 4575 1602 4652 Magister
1616 4573 1780 4636 Generalis
1796 4573 2018 4651 tranquillitati
2034 4591 2104 4653 pro-

1355 4671 1477 4732 vinciae
1500 4667 1605 4730 Sancti
1627 4667 1728 4729 lacobi
1751 4668 1790 4729 de
1812 4667 1933 4730 Merlco
1953 4668 2029 4730 dicti
2049 4667 2104 4730 Or·

1355 4764 1438 4826 dinis
1466 4761 1655 4826 consulendi
1684 4777 1780 4838 ergo,
1812 4761 1946 4824 eandem
1976 4762 2104 4840 provin-

1355 4858 1433 4921 ciam
1454 4857 1487 4920 in
1509 4857 1597 4928 duas,
1615 4871 1711 4918 unam
1734 4855 1865 4933 quidem
1883 4854 1987 4918 Sancti
2003 4855 2104 4918 lacobi

1355 4952 1394 5014 de
1424 4951 1560 5022 Mexico,
1591 4957 1624 5012 et
1649 4950 1781 5012 alteram
1804 4948 2103 5027 hugelopolitanam

1355 5046 1535 5124 respective
1551 5043 1787 5121 nuncupandas,
1797 5044 1963 5121 assignatis
1974 5045 2105 5120 utrique

1354 5155 1412 5201 seu
1433 5138 1525 5200 alteri
1548 5137 1676 5200 illarum
1706 5138 1772 5198 suis
1795 5138 1952 5210 terminis,
1976 5154 2010 5199 ac
2032 5155 2104 5200 con-

1355 5231 1516 5302 ventibus
1540 5230 1685 5307 collegiis
1708 5237 1740 5292 et
1761 5231 1896 5303 vicariis,
1917 5231 2036 5303 divisit,
2060 5232 2105 5293 di-

1354 5333 1487 5402 ctaeque
1509 5323 1691 5402 provinciae
1708 5323 1994 5403 hngelopolitanae
2016 5325 2105 5386 novi-

1355 5425 1404 5480 ter
1436 5425 1561 5480 erectae
1587 5419 1713 5480 diversa
1743 5419 1927 5495 magisteria
1959 5426 1991 5480 et
2016 5435 2105 5498 prae-

1353 5517 1531 5574 sentaturus
1558 5513 1725 5585 concessit,
1750 5529 1784 5574 ac
1806 5529 1864 5591 pro
1887 5513 1943 5575 hac
1965 5513 2035 5574 vice
2064 5514 2103 5575 de

1354 5605 1464 5666 Priore
1480 5605 1667 5683 provinciali
1687 5605 1837 5683 providit,
1856 5614 1888 5668 et
1902 5606 1987 5677 alias,
2007 5614 2104 5684 prout

1354 5696 1487 5758 uberius
1513 5697 1696 5760 continetur
1725 5697 1757 5758 in
1791 5698 1893 5760 literis
1922 5699 2103 5776 patentibus

1352 5790 1452 5869 ipsius
1467 5789 1593 5852 loannis
1609 5790 1765 5869 Baptistae
1780 5791 1923 5868 Magistri
1938 5792 2103 5854 Generalis

587 6003 616 6057 (1)
633 6001 795 6060 coqrreliues
810 6001 855 6046 loc.
871 6001 925 6057 eit,
940 6013 998 6058 pag.
1013 6004 1047 6046 92.
1062 6025 1088 6032 -
1103 6002 1134 6058 (2)
1150 6005 1185 6047 Ex
1201 6003 1260 6048 Tah.
1277 6007 1302 6048 S.
1317 6009 1342 6048 t).
1357 6005 1388 6048 de
1405 6007 1428 6050 Ρ.
1445 6007 1471 6048 p,
