4884 6994
1162 546 1260 601 tubex
1283 545 1527 600 343433444343
1730 525 1758 600 M

581 527 641 605 tls
923 527 951 602 44

560 694 600 742 ex
629 677 835 741 missionariis
863 693 888 737 3.
912 673 1178 752 congregationis
1207 673 1239 735 P.
1273 671 1307 734 4.
1366 671 1524 734 433433343
1551 671 1757 734 3344433343
1786 673 1870 734 43433
1902 671 2063 734 Hebraeos
2085 674 2119 733 et

559 772 757 851 interempti,
781 770 933 834 indicitur
954 768 1141 831 beatificatio
1168 765 1203 838 ll,
1227 767 1308 842 tta,
1366 765 1543 828 haereticos
1566 773 1697 844 propter
1720 766 1912 844 disparitatis
1932 765 2037 828 cultus
2060 765 2120 827 im·

560 872 592 928 et
625 864 763 928 solemni
799 865 928 927 decreto
965 862 1127 924 recenseri
1158 861 1310 924 statuitur
1366 859 1604 936 pedimentum,
1629 875 1742 922 rursus
1773 859 2017 935 coniungendos
2046 875 2118 921 esse

560 960 593 1021 in
618 959 690 1020 albo
721 957 911 1020 Sanctorum
940 963 972 1018 et
999 955 1037 1017 ab
1066 955 1216 1016 omnibus
1248 954 1310 1018 coli
1366 953 1521 1030 posttidei
1535 952 1769 1031 professionem
1783 953 1968 1015 decernitur
1980 951 2028 1024 444,
2043 952 2116 1026 3943

560 1049 609 1122 444,
631 1049 709 1126 463;
733 1049 843 1121 Plura,
868 1064 948 1126 quae
978 1049 1010 1110 in
1040 1047 1216 1126 Martyrum
1239 1063 1309 1109 cau·
1366 1045 1410 1108 De
1432 1046 1594 1110 validitate
1617 1047 1813 1108 matrimonii
1833 1047 1998 1117 contracti,
2016 1047 2119 1109 adbuc

559 1145 601 1205 sis
623 1151 751 1222 oportet
772 1142 895 1212 servari
906 1141 1008 1220 quoad
1031 1141 1093 1213 ius,
1107 1141 1310 1203 declarantur
1366 1140 1496 1202 vivente
1520 1141 1623 1218 primo
1646 1141 1728 1212 viro,
1745 1158 1762 1202 3
1778 1141 1913 1218 quadam
1934 1139 2118 1203 calviniana

560 1235 701 1314 ittae&
725 1237 818 1300 Plura
850 1243 1058 1314 exponuntur
1085 1237 1124 1299 de
1154 1238 1310 1314 martyrio
1367 1241 1438 1310 3334
1461 1233 1603 1296 43343343
1626 1234 1838 1297 eiurationem
1868 1249 1899 1296 v.
1928 1232 2120 1311 4433433433-

560 1338 592 1394 34
613 1331 702 1394 cultu
719 1331 845 1410 publico
860 1331 893 1392 in
909 1330 1049 1394 Ecclesia
1066 1329 1217 1409 praestito
1234 1346 1311 1407 pue·
1366 1326 1454 1400 3433·
1475 1326 1662 1392 0343344444
1684 1335 1840 1406 quantum
1861 1327 1996 1406 periculi
2013 1327 2119 1390 calbo-

560 1425 604 1486 ris
616 1424 804 1496 interiectis,
814 1431 887 1486 ante
900 1423 1188 1496 rationisusum,in
1200 1425 1309 1487 odium
1367 1423 1503 1485 tbolicae
1525 1423 1692 1486 immineat
1718 1423 1868 1502 religioni
1890 1439 1931 1486 ex
1954 1424 2118 1486 matrimo-

560 1519 680 1582 dhrtstt
701 1518 750 1590 444,
767 1517 847 1594 5833
870 1518 904 1580 43
920 1518 1110 1581 consistorio
1129 1517 1311 1581 celebratur
1367 1517 1426 1577 niis
1450 1517 1535 1578 inter
1563 1517 1733 1580 catholicos
1763 1525 1795 1578 et
1824 1517 2020 1589 haereticos,
2045 1516 2121 1578 licet

561 1613 698 1692 pretiosa
731 1627 838 1685 mors,
862 1627 957 1690 quarn
982 1627 1039 1690 pro
1066 1611 1195 1675 Christo
1218 1627 1310 1690 appe·

562 1707 684 1770 tierunt
706 1706 738 1768 in
762 1704 846 1769 Sinis
867 1707 1041 1785 Episcopus
1053 1706 1179 1769 Gabriel
1203 1704 1312 1767 43434-

561 1817 621 1864 nus
644 1799 807 1872 Dulresse,
832 1799 976 1863 llicarius
997 1802 1055 1879 Ap.
1088 1799 1309 1872 Sutcbuensis

561 1903 594 1958 et
616 1895 786 1974 presbyter
808 1895 946 1958 cinensis
974 1894 1174 1971 Augustinus
1207 1893 1311 1956 434433

561 1983 613 2059 44,
628 1985 706 2062 eum
731 1988 809 2050 44334
827 1987 1027 2066 33334433433
1040 1987 1143 2048 444443
1165 1987 1309 2059 4443443,

561 2081 628 2159 qui,
643 2080 677 2142 in
690 2080 886 2144 Toukinensi
902 2081 1136 2159 persecutione,
1152 2097 1209 2159 pro
1221 2080 1312 2143 Ebri-

561 2173 601 2236 sti
625 2173 686 2236 tide
713 2166 769 2236 sua
795 2189 928 2251 corpora
955 2173 1157 2236 tradiderunt
1179 2171 1215 2246 4,
1239 2173 1309 2236 229.

602 2266 899 2332 uanrtbetoett
933 2267 1065 2330 Romani
1099 2283 1182 2330 nova
1213 2269 1311 2330 editio

561 2369 702 2434 curatur,
728 2361 849 2424 traditis
870 2361 948 2424 iliud
976 2361 1166 2424 conficiendi
1190 2361 1312 2440 regulis

602 2547 820 2612 missenum
832 2549 967 2612 aliterve
981 2557 1237 2628 nuncupatorum
1257 2549 1312 2613 So·

561 2642 690 2706 34343433
726 2644 918 2706 433333434
950 2649 982 2706 34
1014 2643 1228 2721 probibentur
1261 2643 1310 2716 lll,

562 2733 637 2812 7803
661 2736 712 2809 44,
736 2735 811 2814 643;
836 2733 892 2810 44,
917 2735 974 2799 444
1005 2746 1036 2800 34
1067 2737 1143 2812 4323
1175 2734 1249 2810 44*,
1276 2737 1313 2800 te

562 2839 594 2893 et
618 2829 675 2894 498
694 2829 747 2910 (4.
768 2831 862 2893 34433
887 2829 957 2906 Vl*,
980 2829 1070 2910 298);
1096 2829 1157 2903 Vll,
1183 2831 1250 2894 444.

603 2923 852 2988 nttfltttorttn
874 2926 905 2987 in
929 2924 1025 2988 indiis
1048 2933 1208 2988 contracta
1224 2941 1314 3004 prae·

564 3027 613 3082 ter
634 3027 761 3097 tempus
779 3017 832 3080 vel
849 3019 1004 3081 terminos
1020 3019 1262 3096 dispensationis
1275 3023 1312 3082 ab

564 3111 738 3177 Ordinariis
760 3120 821 3176 etc.
845 3113 878 3173 in
900 3113 1005 3175 radice
1019 3121 1171 3176 sanantur
1188 3113 1311 3190 11‚202;

563 3207 770 3269 Declarantur
792 3205 885 3269 dubia
908 3222 1006 3285 super
1021 3207 1183 3270 validitate
1206 3209 1313 3270 matri-

565 3299 664 3362 monii
686 3316 759 3362 cum
782 3299 951 3362 haereticis
970 3303 1136 3363 contracti
1163 3309 1223 3363 etc.
1248 3319 1312 3364 333

565 3401 690 3456 3344343
712 3392 808 3460 (leno.
841 3393 1020 3456 Tridentini
1054 3393 1156 3457 43433
1179 3395 1233 3468 444,
1256 3397 1311 3472 42;

564 3485 794 3550 Praescribitur
816 3503 923 3550 coram
945 3489 1063 3566 quibus
1079 3497 1185 3566 etquo
1201 3489 1313 3552 ordine

563 3599 597 3643 33
619 3580 721 3643 43433
736 3581 849 3643 4344343
866 3579 1110 3644 matrimonialia
1134 3585 1314 3662 peragenda

565 3681 641 3738 sunl
662 3675 712 3748 444,
736 3675 792 3752 353
817 3675 1017 3740 Matrimonia
1047 3679 1168 3740 occulta
1197 3679 1314 3755 quibus

564 3769 799 3847 permittenda,
823 3785 885 3848 qua
906 3771 1028 3834 cautela
1056 3771 1258 3844 celebranda,
1283 3781 1316 3834 et

565 3878 629 3941 quo
653 3865 748 3926 modo
770 3865 870 3943 prolis
901 3865 1081 3928 educationi
1104 3872 1136 3927 et
1157 3866 1313 3948 indemni-

565 3957 619 4020 tati
642 3957 875 4020 consulendum
898 3957 948 4031 lli,
966 3958 1023 4034 44ς
1046 3957 1166 4021 Causae
1188 3961 1314 4038 dispen-

564 4050 721 4112 sationum
740 4052 1025 4114 matrimonialium
1041 4051 1129 4113 iuxta
1144 4053 1314 4114 veritatem

565 4145 773 4222 exponendae
795 4153 827 4209 et
848 4145 886 4207 ab
899 4147 1126 4208 executoribus
1148 4147 1314 4211 verifican-

565 4237 622 4300 dae
654 4237 703 4310 lli,
726 4239 786 4315 533
819 4239 1016 4302 Damnantur
1047 4249 1079 4302 34
1108 4241 1315 4304 33334433444

565 4339 651 4411 33343
672 4335 757 4396 43434
778 4335 932 4410 coniuges
955 4335 1029 4396 inita
1053 4336 1091 4397 de
1114 4351 1178 4396 non
1210 4335 1315 4414 appel-

565 4426 659 4489 lando
675 4445 690 4488 a
707 4427 766 4490 lala
787 4432 946 4490 sententia
963 4443 1020 4506 343
1034 4429 1228 4491 matrimonii
1245 4429 1315 4491 nul·

566 4521 673 4594 litate,
704 4528 753 4592 34,
781 4537 880 4600 34334
909 4521 1094 4584 huiusmodi
1122 4523 1314 4586 iudiciorum

567 4615 669 4678 43433
691 4615 877 4678 confirmata
899 4617 1128 4679 constitutione
1141 4618 1202 4679 iam
1219 4619 1313 4690 edita,

566 4711 811 4772 commendatur
845 4709 1046 4772 observantia
1084 4712 1314 4774 ecclesiasticae

567 4803 749 4880 disciplinae
784 4803 816 4864 in
846 4803 1058 4865 matrimoniis
1088 4806 1314 4867 contrahendis

568 4895 617 4968 ill,
643 4897 718 4972 443;
741 4896 785 4958 De
801 4898 1006 4974 quaestione:
1035 4898 1082 4958 43
1096 4897 1152 4958 titii
1173 4914 1212 4960 ex
1228 4899 1313 4962 adul·

567 4990 707 5052 dulteric
731 4992 888 5068 procreati
911 5007 968 5068 per
989 4991 1191 5067 subsequens
1208 4993 1315 5054 matri·

567 5084 712 5146 monium
736 5083 961 5161 legitimentur
976 5082 1025 5156 444,
1052 5082 1126 5159 499;
1151 5083 1315 5163 Dispensa-

567 5184 630 5248 tur,
654 5193 751 5255 super
774 5179 1034 5256 interpellatione
1063 5180 1178 5257 prioris
1207 5182 1316 5243 coniu-

568 5271 616 5347 gis
644 5271 677 5333 in
707 5272 896 5334 infidelitate
928 5273 1043 5346 relicti,
1077 5289 1148 5336 curn
1174 5275 1316 5353 3333143-

566 5363 606 5426 443
628 5373 690 5428 343.
723 5367 758 5428 34
782 5367 931 5428 34433433
965 5368 1175 5429 contrahendi
1209 5370 1315 5430 matri·

566 5460 712 5521 monium
744 5475 817 5522 cum
848 5459 935 5522 lideli
964 5459 1016 5532 444,
1046 5462 1123 5536 442;
1156 5461 1316 5524 44433433

567 5553 678 5630 regula
701 5552 790 5615 Sedis
808 5554 866 5632 tp.
884 5555 923 5615 de
946 5571 1009 5616 non
1025 5555 1237 5617 concedendis
1254 5556 1316 5616 dis-

568 5647 808 5724 pensationibus
831 5649 1119 5711 matrimonialibus
1142 5651 1227 5711 inter
1244 5649 1315 5711 bae-

567 5741 683 5802 reticos
705 5747 737 5803 et
757 5741 949 5814 catholicos,
974 5743 1144 5804 rarissimis
1173 5743 1315 5820 exceptis

567 5833 689 5896 casibus
712 5833 760 5906 lll,
784 5834 860 5910 3723
898 5835 996 5897 Casus
1019 5837 1214 5898 matrimonii
1238 5839 1315 5898 duo-

567 5947 641 5996 rum
677 5934 912 5996 baereticorum
944 5941 1004 5996 etc.
1042 5929 1186 6004 444390,
1222 5930 1315 5994 443443

1367 1610 1399 1672 43
1422 1609 1538 1672 elsatia
1549 1619 1682 1690 prepter
1697 1612 1920 1674 educationem
1934 1612 2031 1674 totius
2047 1626 2120 1689 pro-

1368 1705 1405 1766 lis
1420 1721 1456 1768 ea
1472 1712 1627 1784 putentur
1639 1706 1712 1768 fidei
1729 1706 1901 1770 catholicae
1916 1707 2120 1768 incremento

1368 1806 1399 1860 et
1422 1799 1561 1861 haeresis
1576 1800 1780 1878 extirpationi
1794 1800 1875 1862 baud
1889 1815 2003 1878 parum
2016 1799 2120 1861 inser·

1368 1893 1437 1954 vire
1458 1901 1518 1956 etc.
1543 1891 1598 1965 44,
1625 1891 1683 1966 96;
1718 1893 1856 1956 44333434
1878 1895 1914 1956 34
1945 1893 2119 1956 Ecclesiam

1367 1988 1531 2063 pertinere
1543 1987 1592 2048 433
1605 1987 1818 2056 333344433344
1832 1987 2062 2066 43334433343
2074 1987 2120 2048 44-

1368 2079 1528 2150 44333443,
1552 2079 1724 2158 inquibus
1753 2095 1817 2142 non
1850 2081 1924 2144 licet
1955 2081 2120 2159 Episcopis

1367 2175 1554 2238 auctoritate
1578 2175 1704 2254 propria
1724 2174 1920 2253 dispensare,
1938 2183 1970 2238 34
1985 2183 2121 2252 negatae

1369 2267 1569 2346 praesulibus
1605 2267 1730 2330 443443.
1762 2275 1794 2329 34
1822 2267 1959 2345 August.
1992 2270 2122 2347 dispen-

1368 2363 1456 2425 sandi
1478 2362 1634 2425 iacultatis
1654 2363 1788 2434 34433434
1810 2363 1891 2424 43443
1913 2361 1964 2435 44,
1982 2362 2058 2440 4643
2076 2365 2121 2426 De

1368 2457 1658 2534 dispensationibus
1675 2457 1814 2518 matrim.
1830 2459 1915 2518 43434
1926 2458 2120 2520 catholicum

1369 2557 1400 2612 et
1423 2549 1621 2612 haereticum
1633 2549 1785 2612 scribitur
1797 2550 2045 2628 Arcbiepiscnpo
2060 2551 2121 2614 443-

1368 2643 1484 2706 4433334
1500 2652 1560 2706 343.
1576 2642 1626 2714 44,
1637 2641 1707 2718 nen
1720 2643 1999 2722 Dispensationum
2013 2646 2122 2706 matri-

1370 2736 1554 2800 monialium
1579 2739 1818 2800 concessionem
1841 2739 1877 2800 ad
1900 2738 2120 2802 33143433.

1369 2831 1554 2894 Pontificem
1584 2833 1767 2908 pertinere,
1790 2831 1828 2892 ab
1859 2847 1964 2909 eoque
1992 2831 2125 2894 4334443-

1369 2933 1435 2988 tem
1457 2925 1526 2987 iltas
1539 2925 1746 3003 impertiendi
1762 2926 1968 2988 derivandam
1985 2943 2068 2999 3333,
2086 2935 2128 2989 34

1367 3021 1418 3082 443
1450 3020 1598 3081 mittendi
1630 3018 1766 3097 Legatos
1798 3019 1857 3098 43.
1881 3021 1913 3081 43
1942 3021 2128 3098 quamlibet

1369 3115 1455 3176 orbis
1477 3113 1650 3176 dioecesim
1676 3121 1731 3174 aut
1751 3113 1921 3191 regionem
1944 3115 2049 3176 eidem
2072 3116 2126 3176 in-

1369 3225 1439 3270 esse
1470 3209 1711 3271 demonstratur
1734 3205 1785 3279 44,
1809 3206 1885 3282 3693
1924 3207 1966 3269 De
1999 3209 2126 3286 nuptiis

1369 3303 1455 3363 initis
1478 3318 1550 3364 cum
1574 3309 1663 3380 pacto
1687 3318 1738 3363 eas
1761 3299 1910 3363 solvendi
1941 3302 1981 3363 ob
2010 3317 2126 3363 causas

1369 3413 1385 3456 a
1409 3397 1480 3473 lege
1504 3396 1724 3474 praescriptas,
1743 3403 1776 3456 et
1797 3396 1836 3457 de
1859 3394 2056 3456 matrimonii
2072 3395 2126 3456 in·

1370 3489 1565 3552 solubilitate
1597 3489 1636 3551 ob
1666 3488 1884 3550 tornicationis
1916 3487 2125 3560 33433344,

1369 3583 1445 3660 368;
1470 3583 1581 3646 443433
1603 3583 1717 3659 agendi
1734 3585 1906 3662 exponitur
1922 3599 1995 3646 cum
2009 3591 2127 3662 peten-

1371 3676 1466 3748 tibus,
1491 3685 1561 3754 post
1581 3677 1723 3738 iudicum
1739 3675 2123 3739 baereticorumsenten-

1372 3769 1446 3829 tiam
1469 3769 1508 3831 de
1531 3769 1679 3830 nullitate
1701 3769 1752 3830 vel
1775 3768 1937 3831 solutione
1953 3771 2125 3832 matrimo-

1370 3863 1415 3924 nii
1437 3863 1499 3923 433
1528 3863 1701 3934 333443344,
1726 3869 1780 3924 334
1801 3865 1913 3939 legum
1941 3864 1971 3924 vi
1996 3877 2125 3926 novum

1370 3957 1453 4018 inire
1476 3957 1729 4028 matrimonium,
1747 3963 1811 4028 aut,
1829 3957 1889 4019 boc
1910 3957 2001 4028 43443,
2019 3959 2056 4020 34
2072 3973 2126 4020 sa·

1371 4057 1532 4112 eramenta
1553 4049 1676 4112 admitti
1698 4057 1759 4112 etc.
1784 4049 1840 4123 44,
1864 4047 1943 4126 464;
1973 4051 2017 4113 De
2040 4051 2123 4113 iudi-

1370 4145 1418 4207 cio
1441 4145 1593 4206 canonico
1616 4143 1812 4206 instituendo
1836 4145 2122 4223 33343344433344

1370 4238 1540 4299 solutionis
1562 4238 1754 4298 sententiam
1777 4255 1792 4299 a
1814 4239 1918 4301 iudice
1947 4238 2025 4300 laico
2047 4255 2122 4317 pro-

1370 4329 1465 4392 latam
1488 4331 1520 4391 in
1543 4329 1687 4392 levorem
1703 4331 1874 4394 catholicae
1891 4331 2121 4394 mulieriscum

1371 4425 1544 4486 acatholico
1561 4425 1767 4486 43344433343
1782 4426 1957 4503 333443433,
1971 4425 2057 4488 aliud
2074 4428 2122 4488 in-

1371 4519 1418 4580 ire
1442 4519 1684 4581 matrimonium
1708 4521 1845 4596 petentis
1876 4527 1936 4582 etc.
1960 4519 2019 4592 44,
2044 4519 2120 4596 479;

1371 4611 1483 4689 Neque
1505 4611 1609 4675 civilia
1632 4613 1880 4690 impedimenta,
1905 4629 2011 4692 neque
2034 4614 2121 4676 dele-

1371 4715 1440 4770 ctus
1462 4723 1637 4769 consensus
1660 4708 1816 4769 curatoris
1839 4709 1963 4771 obstare
1988 4718 2123 4787 possunt

1371 4802 1568 4864 matrimonii
1585 4801 1737 4864 validitati
1754 4809 1813 4864 etc.
1828 4800 1878 4874 44,
1896 4799 1971 4877 466;
1998 4803 2041 4864 63
2057 4819 2121 4864 33-

1372 4897 1531 4957 trimoniis
1554 4896 1660 4956 mixtis
1675 4893 1727 4967 44,
1743 4895 1817 4972 544;
1837 4893 1872 4966 4,
1886 4895 1945 4959 666
1965 4894 2044 4978 (Gir.
2060 4896 2120 4960 Ba·

1371 4987 1514 5067 ocriae);
1545 4988 1716 5051 Damnatur
1744 4989 1796 5050 lex
1825 4991 2034 5053 contrabendi
2058 5007 2120 5054 ma-

1373 5085 1561 5146 trimonium
1584 5099 1689 5145 cnrarn
1714 5085 1902 5161 magistratu
1928 5085 2013 5146 civili
2035 5093 2122 5147 3343-

1371 5193 1466 5254 quam
1485 5177 1518 5238 in
1535 5177 1646 5239 433433
1663 5177 1822 5239 Ecclesiae
1836 5178 2043 5240 contrabatur
2058 5189 2119 5243 etc.

1372 5271 1423 5345 44,
1447 5271 1524 5347 6433
1548 5272 1592 5334 De
1616 5272 2121 5353 prolisreligioneparocbisnon

1372 5369 1587 5444 promittenda
1603 5375 1663 5428 343.
1677 5365 1728 5438 44,
1742 5365 1811 5442 7423
1828 5366 1970 5444 [tegulae
1984 5384 2122 5446 sequen·

1372 5462 1429 5522 dae
1451 5477 1549 5540 super
1571 5462 1740 5540 petitiones
1763 5463 2036 5540 dispensationum
2058 5480 2121 5526 ma·

1372 5555 1460 5615 4443.
1497 5554 1656 5618 Cardtnali
1687 5555 1894 5618 l‘ro-Datario
1918 5558 2050 5619 traditae
2083 5555 2119 5628 4,

1374 5645 1431 5709 465
1462 5647 1513 5727 (4.
1538 5651 1631 5710 34433
1668 5648 1863 5720 orientales,
1894 5649 2120 5730 deputarique,

1377 5741 1510 5811 Treuiri,
1538 5739 1727 5804 4344334434.

1414 5837 1632 5900 4464444444
1662 5845 1721 5900 343.
1754 5853 1785 5899 v.
1808 5837 1867 5900 sub
1897 5839 1997 5900 verbo
2030 5837 2122 5902 0333-

1371 5947 1456 5994 risco.
