4884 6994
947 595 1047 644 99999
1067 589 1280 644 9999191999
1817 577 1875 642 977

338 708 390 776 111.
414 709 461 776 hu
483 711 558 776 11991
578 711 818 776 incrementum
834 709 970 785 hunam,
987 710 1091 790 congr
1207 710 1374 784 sollicitus,
1397 711 1543 775 eiusdem
1573 712 1710 775 nationis
1732 711 1897 792 199111991-

399 807 546 883 raginam
567 806 708 878 viduam,
732 805 891 870 hortatur.
920 804 969 869 78.
1208 821 1340 885 scopum
1370 805 1518 884 requirit,
1547 811 1585 870 ut
1612 806 1802 884 apostolicos
1823 807 1898 870 mis-

340 896 394 962 tr.
418 899 544 972 llariae,
567 900 698 978 reginae
726 898 840 978 congi,
863 900 966 964 delata
986 899 1092 963 illialis
1208 899 1376 971 sionarios,
1407 915 1487 977 quos
1517 899 1594 963 illuc
1621 899 1762 978 allegare
1783 901 1898 963 consti-

400 993 583 1058 devotionis
606 993 798 1066 testimonia,
822 993 963 1071 henigne
985 993 1092 1058 animo
1210 999 1331 1066 tuerat,
1363 993 1549 1056 humaniter
1577 993 1744 1073 excipere,
1774 1009 1898 1071 suoque

399 1093 532 1166 excepta
547 1102 617 1150 esse
633 1086 809 1159 renuntiat,
826 1086 1039 1166 eamdemque
1054 1088 1091 1151 ad
1209 1085 1384 1163 patrocinio
1405 1085 1517 1148 lovere
1539 1087 1629 1150 velit.
1651 1087 1702 1150 93.

400 1181 476 1246 11991
495 1181 696 1246 1999999919
716 1180 750 1244 19
771 1180 835 1244 11119
856 1181 998 1259 partihus
1019 1197 1092 1260 pro·
1148 1176 1229 1240 xlv.
1254 1178 1342 1241 1999
1363 1186 1605 1257 argumentum.
1627 1180 1678 1244 91.

400 1275 560 1340 movenda
582 1273 742 1338 hortatur.
764 1274 843 1338 ibid.

341 1364 380 1430 V.
403 1366 547 1442 Petrum,
570 1383 683 1448 regem
706 1367 819 1447 (longi,
837 1369 878 1432 oh
900 1369 1007 1432 zelum
1028 1384 1092 1447 quo

400 1461 499 1526 9999
515 1477 550 1526 ac
565 1462 784 1557 missionarios
798 1461 898 1536 lovet,
912 1463 1006 1526 laude
1022 1479 1093 1542 pro-

401 1556 561 1634 sequitur,
577 1555 673 1635 eiqne
693 1573 752 1636 per
766 1557 807 1620 19.
823 1557 1027 1621 9999919999
1043 1557 1092 1621 'li-

401 1649 569 1714 rinensem
590 1653 713 1732 regiam
735 1666 887 1715 coronam
902 1669 937 1716 ac
952 1660 1094 1730 precato·

401 1743 484 1810 9199
512 1761 680 1819 coronam,
710 1744 921 1824 indulgentiis
950 1747 1092 1820 ditatam,

402 1837 487 1902 9999
508 1837 619 1904 mittit.
641 1837 690 1902 79.

342 1929 762 2012 daemonemque,
792 1941 837 2007 ut,
862 1934 1019 2011 genitoris
1044 1935 1094 1998 sui
1144 1963 1146 1968 ·

1149 1269 1216 1334 llll.
1240 1271 1311 1334 Toti
1334 1273 1561 1336 hlaronitarum
1580 1277 1701 1339 nationi
1715 1276 1897 1349 denunciat,

1209 1380 1245 1426 re
1267 1373 1393 1430 mature
1414 1367 1565 1440 discussa,
1589 1369 1823 1448 depositionem
1846 1371 1899 1434 Pa-

1210 1459 1366 1522 triarchae
1388 1468 1424 1522 ut
1446 1460 1568 1524 nullam
1590 1469 1623 1526 91
1646 1464 1797 1526 iniustam
1819 1463 1899 1527 iudi-

1209 1559 1309 1616 catam
1339 1553 1456 1626 luisse,
1489 1554 1619 1618 nullam·
1641 1557 1759 1635 pariter
1779 1557 1901 1620 9119199-

1210 1647 1332 1711 119999
1354 1647 1570 1712 Patriarchae:
1595 1649 1682 1713 hunc
1702 1651 1837 1728 proinde
1851 1667 1900 1714 99-

1210 1740 1360 1804 91119199
1376 1757 1447 1805 9999
1462 1742 1494 1803 19
1510 1743 1676 1822 pristinam
1692 1744 1897 1822 dignitatem:

1210 1849 1389 1913 omnesque
1417 1835 1577 1908 hortatur,
1606 1845 1643 1900 ut
1663 1839 1826 1917 pontificio
1848 1840 1901 1903 de·

1210 1937 1300 1992 creto
1320 1946 1355 1992 se
1375 1929 1545 1992 suhiiclant
1564 1947 1598 1993 ac
1615 1931 1812 1995 Patriarchae
1828 1933 1902 1997 ohe·

402 2024 624 2104 praedoluncti
645 2026 775 2090 salutari
797 2029 961 2106 proposito
985 2028 1094 2092 inhae-

1210 2023 1362 2086 dientiam
1385 2023 1569 2087 exhibeant.
1592 2023 1642 2088 99.

402 2134 491 2196 9999,
512 2120 699 2184 catholicam
722 2121 915 2200 religionem
936 2123 1092 2201 profiteri,
1151 2115 1231 2180 XVI.
1256 2117 1410 2180 Concedit
1435 2119 1541 2180 omnia
1569 2119 1737 2198 privilegia
1760 2121 1901 2198 Congre-

402 2213 626 2293 sinceramque
646 2230 721 2278 cum
736 2214 828 2278 Rom.
845 2215 985 2279 Ecclesia
1002 2217 1093 2280 nnio-

403 2323 477 2370 999
499 2308 582 2372 inire
600 2308 691 2382 velit,
707 2317 741 2372 et
754 2309 926 2388 losephum
941 2328 956 2371 a
972 2309 1094 2373 ierusa-

403 2399 481 2476 lem,
503 2403 669 2482 adipsum
691 2419 707 2464 9
728 2403 881 2466 Pontihce
907 2401 1091 2480 allegatum,

403 2492 545 2573 henigne
566 2495 682 2568 audiat,
703 2496 798 2560 enixe
819 2495 1018 2561 adhortatur.
1041 2495 1091 2559 80.

344 2583 409 2650 vll.
432 2586 647 2652 cassationem
663 2589 774 2654 indicit
788 2592 929 2664 canonis,
942 2607 1016 2654 cum
1032 2592 1080 2654 dis

404 2683 639 2748 membratione
669 2685 892 2748 consentiente
920 2685 1011 2749 Card.
1042 2686 1094 2752 01-

402 2775 557 2850 thohono,
582 2777 702 2842 ilhhate
723 2779 996 2844 commendatario
1018 2779 1094 2844 San·

402 2869 445 2931 cti
467 2868 631 2934 Laurentii
648 2879 875 2944 extramuros,
893 2873 999 2938 eidem
1014 2875 1093 2937 suis-

402 2976 467 3040 que
487 2964 726 3028 successorihus
747 2967 1026 3030 commendatariis
1044 2983 1093 3030 re-

403 3059 534 3136 serrati,
563 3074 662 3138 super
688 3059 782 3122 vinea
809 3061 843 3124 in
864 3060 945 3134 loco,
970 3061 1094 3126 Pariolo

402 3159 603 3231 nuncupato,
634 3151 747 3217 Sacrae
774 3153 1025 3234 congregationi
1053 3157 1093 3218 de

1211 2211 1378 2288 gationum
1407 2209 1535 2276 Ordinis
1567 2211 1598 2275 S.
1629 2213 1793 2277 Benedicti
1821 2214 1902 2278 Con·

1213 2307 1391 2383 gregationi
1417 2305 1648 2368 monachornm
1673 2307 1844 2370 Bohemiae
1866 2309 1902 2371 il-

1212 2399 1339 2475 liusque
1369 2398 1525 2461 memhris
1554 2400 1587 2461 in
1610 2399 1747 2462 11999919
1769 2407 1802 2463 91
1824 2399 1902 2464 Sile·

1211 2491 1266 2554 sia.
1288 2491 1338 2555 90.

1082 2625 1093 2638 -
1151 2585 1245 2649 xvir.
1270 2585 1433 2650 Mentione
1452 2587 1529 2650 iacta
1545 2589 1584 2650 de
1599 2543 1747 2666 Ablegm
1762 2589 1812 2651 sui
1827 2590 1901 2650 mis-

1209 2680 1311 2754 sione,
1329 2681 1533 2744 .Patriarchae
1557 2681 1783 2747 Maronitarum
1807 2682 1903 2744 iacul-

1211 2781 1308 2836 tatem
1324 2774 1471 2838 concedit
1486 2775 1646 2838 indicendi
1658 2777 1817 2854 synodum
1831 2792 1902 2854 pro-

1209 2867 1390 2940 vincialem,
1407 2869 1433 2929 si
1448 2868 1623 2946 hhlegatus
1638 2870 1839 2932 concordiam
1855 2869 1902 2930 in-

1210 2961 1329 3024 ducere
1351 2962 1547 3039 nequiverit,
1565 2964 1597 3024 in
1613 2977 1674 3040 qua
1689 2963 1813 3042 synodo
1827 2979 1901 3024 con·

1209 3057 1367 3118 troversia
1401 3057 1486 3118 inter
1521 3057 1602 3120 duos
1632 3057 1799 3120 Praesules
1831 3061 1900 3119 orta

1209 3148 1420 3226 expendatur,
1449 3150 1498 3211 his
1529 3158 1635 3213 tamen
1665 3156 1826 3212 reservata
1848 3163 1899 3225 ap-

1209 3241 1381 3320 pellatione
1404 3243 1499 3305 etiam
1522 3244 1554 3304 in
1576 3243 1765 3322 suspensivo
1787 3241 1823 3304 ad
1844 3240 1898 3303 Se·

1208 3336 1282 3398 dem
1304 3334 1530 3414 apostolicam.
1552 3335 1602 3399 97.

402 3244 607 3324 Propaganda
624 3245 700 3311 Eide
721 3247 797 3310 alias
817 3265 977 3312 concessa.
999 3248 1051 3312 81.

345 3335 647 3404 111199999199
676 3341 717 3404 de
745 3341 899 3406 'lournon
926 3343 1038 3407 durius
1059 3345 1093 3407 in

405 3431 489 3497 Sinis
504 3432 649 3497 hahitum
663 3437 882 3501 amantissime
896 3437 1091 3511 consolatur,

404 3527 644 3606 certioremque
673 3527 807 3593 1991199
828 3530 954 3603 mediis,
976 3531 1095 3608 quihus

406 3619 572 3698 pristinam
601 3620 649 3684 illi
677 3623 883 3688 securitatem
910 3624 1095 3688 991199919-

1250 3522 1573 3589 nrnocnuurus
1593 3501 1670 3588 rr.
1695 3523 1794 3588 999.

405 3719 472 3778 199
493 3715 668 3780 9991119999
690 3718 785 3780 enixo
804 3719 980 3782 contendit.
1002 3718 1052 3782 87.
1152 3715 1174 3778 l.
1198 3713 1410 3777 Commendat
1434 3713 1586 3778 carolum
1608 3714 1816 3777 Ambrosium
1839 3713 1901 3777 hle-

345 3805 398 3872 111.
420 3807 634 3874 Phiiihertnm
649 3810 681 3875 le
695 3811 792 3876 Blanc
806 3809 969 3876 vicarium
984 3811 1094 3892 Apost.
1212 3807 1396 3871 dioharham
1419 3808 1632 3870 Patriarcham
1649 3808 1901 3871 Alexandrinum

405 3901 439 3964 in
467 3901 605 3981 imperio
634 3903 804 3979 Sinamm,
835 3905 954 3970 ihidem
983 3907 1096 3970 acerhe
1214 3904 1325 3981 hpost.
1350 3900 1441 3964 Sedis
1464 3901 1620 3978 Legatum
1643 3903 1676 3964 in
1700 3901 1795 3964 Sinis.
1818 3899 1868 3963 99.

405 4001 557 4058 vexatum
579 4005 725 4062 amanter
745 3999 941 4062 consolatur.
962 3997 1014 4062 88.
1154 3997 1190 4060 11.
1213 3995 1398 4060 0991919199
1426 3995 1581 4074 Episcopo
1611 3995 1764 4059 hlacaensi
1794 3997 1833 4059 de
1855 4011 1905 4059 99-

346 4089 385 4154 x.
408 4088 609 4154 ludovicum
631 4089 777 4170 appiani,
796 4092 828 4154 in
844 4108 972 4156 carcere
987 4093 1097 4156 daton·
1214 4089 1281 4152 dltu
1305 4090 1342 4152 ad
1358 4088 1533 4152 Ecclesiam
1550 4104 1607 4167 per
1622 4089 1858 4152 ahsolutionem
1874 4097 1907 4152 et

406 4191 487 4258 tum,
509 4183 704 4248 consolatur.
727 4184 777 4250 89.
1215 4183 1487 4261 dispensationem
1505 4199 1522 4245 a
1537 4181 1709 4245 visitatore
1724 4181 1907 4260 Apostolico

347 4275 400 4341 111.
421 4277 551 4341 091199
567 4278 636 4356 piae
650 4279 880 4342 recordationis
895 4279 1000 4343 Caroli
1016 4279 1098 4342 'lho-
1215 4278 1397 4348 ohtentam,
1431 4291 1575 4355 eumque
1608 4277 1773 4348 hortatur,
1808 4285 1844 4340 ut
1874 4277 1908 4339 in

407 4386 479 4434 mae
499 4369 675 4436 cardinalis
696 4372 736 4436 de
758 4371 925 4446 Tournon,
949 4373 1099 4437 11999119
1177 4433 1180 4438 ,
1216 4371 1325 4449 gregis
1347 4370 1397 4432 sui
1420 4371 1544 4434 cultum
1567 4376 1598 4433 et
1620 4370 1787 4448 religionis
1806 4371 1907 4434 incre-

408 4463 558 4530 Sinarum
575 4467 780 4545 imperiodie
796 4483 864 4532 999.
880 4467 1098 4530 1991199999.
1217 4471 1365 4528 999199
1387 4464 1535 4528 alacriter
1556 4465 1712 4527 intendat.
1738 4461 1806 4526 100.

407 4565 575 4632 secutum,
609 4558 830 4624 Gurdinalihus
866 4561 1098 4633 communicat,
1157 4557 1208 4621 lll.
1238 4557 1403 4622 Laetitiam
1439 4573 1530 4619 suam
1566 4557 1719 4636 exprimit
1754 4557 1909 4636 Episcopo

408 4655 545 4732 eiusque
568 4653 739 4733 praeclaris
760 4655 794 4718 in
816 4654 1002 4726 Ecclesiam,
1018 4654 1100 4733 1199-
1218 4651 1350 4724 1119991,
1380 4651 1466 4730 quod
1496 4652 1651 4715 unionem
1674 4667 1748 4714 cum
1770 4651 1910 4714 Ecclesia

409 4746 553 4812 stolicam
569 4744 687 4812 Sedem
702 4747 956 4826 catholicamque
971 4748 1101 4826 religio-
1217 4743 1357 4808 llomana
1378 4744 1521 4818 inirerit,
1540 4759 1682 4822 eumque
1699 4759 1909 4823 perseverare

409 4855 486 4904 nem
507 4840 632 4903 meritis
646 4839 718 4903 luso
733 4843 1008 4915 commemoratis,
1027 4857 1101 4904 exe·
1218 4839 1347 4912 docens,
1371 4845 1483 4901 monet
1512 4838 1605 4903 officii
1632 4838 1817 4917 episcopalis
1839 4853 1910 4901 esse

409 4933 500 5012 quias
527 4949 586 5012 pro
616 4933 770 5013 samagm
797 4935 867 4998 eius
895 4936 1037 5006 animae,
1068 4938 1102 4998 in
1218 4931 1413 5011 amplificare
1434 4933 1520 4994 inter
1541 4949 1616 4996 suos
1638 4931 1784 4995 eiusdem
1804 4931 1910 4994 Eccle-

410 5026 575 5107 pontidcio
595 5027 713 5092 sacello
733 5029 926 5093 solemniter
939 5029 1102 5094 celehran-
1219 5025 1284 5088 siae
1305 5027 1398 5090 lines.
1424 5023 1492 5089 101.

409 5121 474 5195 das,
497 5119 620 5184 indicit.
642 5119 694 5184 90.
1159 5118 1355 5183 {horarias
1382 5120 1450 5198 agit
1476 5119 1663 5197 imperatori
1693 5119 1842 5183 Sinarum
1872 5120 1912 5182 oh

351 5213 417 5280 xli.
440 5214 532 5279 Novo
553 5213 741 5295 Aethiopiae
769 5216 840 5294 regi
863 5217 1001 5297 explicat
1021 5219 1103 5282 desi·
1220 5215 1469 5294 propensionem
1499 5231 1560 5293 qua
1587 5215 1804 5277 missionarios
1826 5232 1843 5276 a
1864 5230 1912 5277 se-

410 5307 550 5382 999199,
579 5307 666 5387 quod
693 5307 781 5372 illius
803 5310 1029 5388 praedecessor
1050 5311 1104 5374 de·
1220 5309 1350 5386 naginta
1364 5307 1455 5372 annis
1473 5309 1691 5387 prosequitur.
1709 5308 1812 5381 Dolet,
1826 5309 1911 5386 quod

410 5401 540 5466 iunctus
555 5403 750 5476 ostenderat,
767 5402 982 5482 amplectendi
995 5406 1102 5468 991119-
1220 5403 1250 5464 91
1272 5409 1359 5480 grata
1382 5419 1446 5464 non
1463 5401 1586 5466 luerint
1600 5404 1727 5466 decreta
1742 5401 1912 5480 apostolica

410 5495 503 5559 licam
525 5495 623 5559 11999
645 5512 680 5559 99
696 5497 853 5560 9919999
869 5512 944 5560 999
960 5495 992 5560 S.
1009 5497 1047 5562 R.
1064 5498 1101 5561 E.
1219 5496 1281 5558 199
1304 5496 1521 5575 promulgata:
1546 5503 1654 5575 sperat
1676 5505 1783 5560 tamen
1799 5496 1829 5560 id
1847 5511 1912 5559 non

411 5589 456 5654 119
486 5589 646 5653 91999991
681 5590 812 5668 negotio
846 5589 917 5654 1999
953 5591 1100 5664 91999911,
1219 5591 1465 5670 impediturum,
1489 5593 1663 5670 quominus
1688 5591 1833 5654 catholici
1858 5591 1913 5654 oh-

411 5683 584 5764 ipsumque
609 5699 735 5763 regem,
758 5691 796 5748 ut
821 5691 1045 5764 pertractatam
1068 5703 1103 5750 u·
1221 5691 1404 5765 temperare
1421 5685 1543 5764 possint
1561 5685 1627 5763 legi
1641 5701 1718 5749 suae
1733 5685 1911 5764 religionis,

411 5779 543 5842 919999
566 5777 720 5858 perllciat,
745 5781 841 5843 enixe
861 5779 1021 5844 hortatur.
1051 5778 1101 5844 98.
1220 5780 1312 5844 cuius
1326 5779 1468 5842 custodia
1484 5779 1616 5858 regibus
1631 5779 1865 5844 subiectionem
1881 5789 1914 5844 et

351 5871 432 5937 11111.
455 5871 501 5936 Do
522 5871 653 5938 nodone
667 5871 864 5953 Aethiopum
877 5875 915 5938 ad
930 5874 1104 5938 catholicae
1214 5873 1422 5938 devotionem
1444 5873 1647 5938 suhditomm
1674 5875 1819 5954 apprime
1839 5891 1913 5938 con-

411 5965 572 6031 Eoclesiae
593 5968 701 6032 sinum
722 5985 758 6032 ac
778 5969 900 6032 unitate
924 5969 1103 6033 revocanda
1223 5966 1318 6034 ciliat.
1342 5966 1421 6032 lhid.

460 6115 518 6158 latr.
534 6116 611 6159 Pont-
626 6117 658 6160 de
673 6117 753 6168 Pron.
769 6117 832 6159 Ftae
846 6113 933 6161 Partls
947 6117 966 6160 1.
982 6113 1037 6159 Vol.
1053 6116 1105 6159 Vll.
1780 6115 1808 6158 18
