1406 1910
173 230 265 244 Anatim

614 234 650 246 rm!
661 234 686 246 tw.
698 235 733 247 vul.

284 264 330 284 plane
345 264 447 282 confidimus.
463 265 501 280 dnm
517 264 658 280 christianissimae

284 287 361 304 maiestati
372 289 408 303 tuae
419 288 547 304 benedictionem
555 287 658 307 apostolicam

283 314 320 326 cum
332 311 376 330 regis
387 311 446 327 l'arnilia
456 311 532 327 universa
539 311 658 327 communican-

283 334 319 349 dam
330 334 439 350 amantissime
450 334 559 354 impertimur.

303 357 360 373 Datum
376 357 441 376 Romae,
453 358 494 377 apud
507 357 524 374 S.
536 358 600 374 Mariam
612 358 658 374 Maiu-

283 385 324 399 rem.
339 381 369 397 snb
381 381 442 397 annulo
453 381 541 399 Piscatoris.
557 382 583 397 die
596 385 623 397 xx.
635 385 658 397 m-

283 405 300 421 lii
311 409 418 423 nnoccxxix„
432 405 533 424 pontificatus
544 405 595 421 nostri
608 409 633 420 sn.
646 409 657 420 t.

458 475 484 491 tv.

312 522 335 538 Do
345 522 399 538 eadem
409 522 518 542 persecut-'ono
529 522 629 542 impedientia

427 547 475 566 ruunt
484 545 513 566 (t).

283 592 376 609 charissimo
388 592 403 609 in
413 592 474 609 cni-isto
485 592 517 609 lilio
531 594 585 609 nostro
596 592 658 609 Frsnoi-

303 619 331 632 ιοο
343 615 414 632 Austrise
426 616 517 637 imperatori,
528 615 614 637 Hungatiee
626 616 658 637 regi

303 639 393 660 apostolico,
405 640 421 656 et
432 639 514 656 Bohemiae
525 640 557 660 regi
569 639 628 659 illustri,

403 686 447 703 Pius
459 686 490 703 ΡΡ.
501 686 537 703 νΙΙΙ.

321 733 414 751 Gharissime
426 734 440 750 in
451 733 512 751 Christo
523 734 545 750 titt
558 735 620 754 noster,

299 757 364 774 salutem
376 758 391 774 st
402 757 502 778 apostolicam
514 757 641 774 benedietionem.

303 804 371 820 Afflictas
387 804 526 824 Constantinopoli
543 804 658 820 catholicorum

283 832 308 844 res
324 832 414 847 eorumque
432 828 480 844 fldem
498 828 567 844 saeviori
585 832 659 848 persecu-

283 852 326 868 tione
337 853 413 867 tentatam
424 855 461 867 cum
472 852 575 871 cognovisset
585 851 617 867 Leo
625 851 658 867 ΧΙΙ,

282 875 323 895 glor.
331 879 380 891 mem.
388 875 501 895 praedecessor
509 877 569 893 noster,
576 875 659 894 implorata

282 899 359 914 continuo
370 902 399 918 pro
411 898 475 914 miseris
486 898 517 914 illis
531 898 559 914 Dei
571 900 603 918 opt.
615 902 657 914 max.

283 922 397 940 misericordia,
407 922 476 938 subinde
486 922 567 937 convertit
574 926 591 937 se
598 922 617 937 ad
625 926 659 937 cae-

282 949 343 961 saream
355 945 455 961 maiestatem
467 947 516 963 tuam.
525 945 609 965 literisque
616 949 658 961 anno

282 969 366 989 superiore
380 969 406 985 die
421 973 443 984 xi.
455 969 508 985 martii
522 969 562 985 datis
575 971 618 985 tuam
630 973 658 989 pro

282 993 338 1008 iisdem
353 996 401 1012 opem
417 996 434 1008 ae
450 992 556 1012 patrocinium
571 996 658 1012 exposcere

282 1016 369 1032 testinavit.
381 1016 414 1032 Nos
425 1020 470 1035 ergo.
482 1020 518 1032 cnm
530 1016 580 1036 probe
590 1016 658 1032 sciamus

283 1039 320 1056 huic
330 1040 381 1055 nostri
392 1039 519 1059 praedecessoris
526 1039 607 1055 desiderio
615 1041 658 1055 tuam

283 1067 315 1079 non
322 1063 392 1079 defuisse
400 1067 471 1082 operam,
479 1064 495 1078 et
501 1063 562 1078 scilicet
570 1065 591 1081 te,
599 1063 658 1079 charis-

282 1086 322 1102 sime
333 1086 349 1102 in
360 1086 424 1102 Christe
436 1086 458 1102 flli
469 1088 529 1104 noster.
538 1090 570 1102 non
578 1086 658 1103 destitisse

282 1114 290 1125 a
296 1110 357 1126 vexatis
363 1109 444 1125 catholicis
450 1114 478 1129 per
486 1110 607 1125 internuncium
615 1114 658 1129 prae-

281 1133 338 1149 sertim
352 1135 398 1149 tunm
409 1133 547 1152 Constantinopoli
559 1133 657 1149 residentem

283 1158 374 1176 opportuno
384 1156 442 1176 quovis
453 1156 513 1172 auxilio
520 1156 600 1174 fovendis.
610 1157 658 1172 maxi-

284 1184 316 1196 mas
326 1184 355 1196 nos
366 1180 414 1196 etiam
426 1180 484 1199 gratias
496 1180 523 1195 tibi
534 1180 597 1199 agimus
608 1182 625 1195 et
632 1180 658 1196 ba-

283 1203 345 1219 bemus.
356 1203 389 1219 Nec
400 1207 438 1219 sane
449 1203 546 1221 dubitamus,
555 1203 594 1222 quin
602 1207 631 1223 pro
639 1207 658 1219 eo

283 1231 315 1246 quo
322 1227 376 1242 ferves
384 1226 493 1246 protegendae
503 1226 587 1246 religionis
594 1227 657 1245 ardore.

282 1250 322 1266 illud
336 1251 389 1270 ipsum
404 1250 460 1265 maiori
475 1250 561 1266 admodum
576 1250 629 1266 studio
639 1251 658 1266 ad

283 1278 358 1293 praesens
368 1275 432 1289 acturus
443 1274 470 1291 siS,
482 1277 519 1289 cum
531 1273 606 1289 videlicet
616 1274 658 1289 inter

283 1297 371 1313 'furcarum
378 1297 496 1312 dominatorem
504 1298 521 1312 et
528 1297 621 1316 praecipuos
628 1297 658 1313 Eu-

282 1324 331 1340 ropae
342 1320 422 1340 principes
433 1324 484 1336 novae
495 1320 515 1336 de
526 1320 625 1339 gravissimis
634 1324 659 1336 re-

283 1344 312 1360 bus
320 1344 422 1360 tractationes
428 1343 566 1363 Constantinopoli
574 1344 658 1360 instituen-

282 1367 311 1383 dae
322 1369 365 1385 sunt.
377 1367 393 1383 in
404 1367 463 1386 quibus
474 1369 527 1383 orator
538 1371 567 1383 sen
575 1368 659 1383 internun-

282 1391 316 1407 cius
326 1391 412 1406 maiestatis
419 1392 455 1406 tuae
463 1390 528 1406 idoneas
535 1393 579 1406 certe
587 1391 659 1407 inveniet

283 1414 380 1432 occasiones.
392 1416 411 1430 ut
421 1414 456 1429 iura
466 1414 582 1430 catholicorum
593 1416 658 1432 asserat.

283 1441 374 1457 eorumque
384 1441 453 1455 causam.
465 1439 493 1453 tuo
504 1438 581 1453 nimirum
593 1438 659 1453 nomine

283 1463 299 1477 et
305 1461 399 1477 auctoritate
407 1461 506 1480 interposita,
515 1463 584 1476 tueatur.
596 1461 627 1477 Sed
635 1465 658 1479 ea.

283 1488 313 1504 qna
324 1484 420 1504 premimur.
427 1484 518 1500 sollicitudo
525 1484 598 1500 omnium
606 1484 659 1500 Eccle-

303 1538 318 1552 (1)
326 1538 344 1549 Ex
352 1538 397 1549 audem
406 1538 437 1552 Rea.
446 1537 486 1552 Epium

686 265 746 280 siarum
757 267 806 285 urget
816 269 851 283 nos,
863 267 881 281 nt
891 265 908 280 in
919 265 947 281 hac
957 265 991 285 ipsa
1002 266 1064 284 tempo-

687 288 709 303 ris
724 289 843 308 opportunitate
857 289 930 308 impense
942 288 1001 304 iterum
1012 292 1021 304 ι
1032 292 1065 304 ma-

686 312 743 327 iestate
756 314 782 327 tna
794 312 890 332 flagitamus,
905 314 929 330 ut,
942 312 985 331 quod
997 315 1026 332 pro
1037 313 1063 327 tua

686 335 745 350 eximia
760 335 817 355 pietate
832 335 875 351 ultro
887 335 957 351 tacturus
968 335 1036 353 luisses.
1048 335 1064 351 id

686 358 745 374 intuitu
757 359 805 375 etiam
816 362 867 374 novae
878 359 918 374 buiu
937 358 1062 375 commendatio-

687 382 711 398 nis
722 384 786 398 nostrae
796 382 864 398 alacrius
875 382 976 401 validiusque
984 384 1062 402 praestes.

687 405 718 421 Hac
729 405 806 425 protecto.
818 410 866 425 quam
877 405 987 425 imploramus.
998 409 1029 425 ope
1039 408 1063 422 tu·
1085 415 1087 417 v

687 429 751 448 telaque
762 431 788 445 tua
799 429 844 449 digni
854 429 871 445 in
882 429 938 449 primis
945 431 983 445 sunt
991 429 1064 445 catholici

687 452 759 470 Armeni.
771 453 799 472 qui
810 453 826 468 in
834 452 927 468 novissimis
934 452 1004 469 Orientis
1013 452 1064 469 turbis

687 476 811 492 vehementiore
825 480 873 495 quam
887 476 937 492 ceteri
950 476 1063 496 persecutione

686 499 740 518 agitati
757 499 913 519 praeclarissimum,
930 501 964 515 toto
980 501 1062 519 spectante

687 523 732 541 orbe,
741 522 850 542 praebuerunt
861 523 956 538 christianae
964 523 1063 539 tortitudinis

687 546 787 566 exemplum.
795 546 844 562 Novit
851 548 905 562 autem
914 546 987 562 maiestas
995 548 1027 564 tna,
1035 546 1065 562 Ar-

687 574 743 585 menes
754 570 797 590 ipsos
805 570 841 585 ideo
848 570 950 589 potissimum
959 570 1008 586 luisse
1015 573 1063 586 vexa-

688 595 721 611 tos.
736 593 778 613 qnod
793 593 881 609 Turcarum
893 593 993 612 dominator,
1008 593 1064 609 [raude

686 617 824 632 schismaticorum
839 617 922 634 incitatus.
935 617 1024 632 ¹trmenurn
1036 616 1063 632 Pa-

687 640 772 656 triarcliam
780 640 898 656 schismaticum
907 644 936 659 pro
943 640 991 656 unico
998 642 1063 656 cunctu-

687 668 723 679 rum
729 664 838 680 Armenorum
844 663 919 679 Antistite
925 665 1004 683 agnoscat.
1010 663 1063 682 Quare

686 688 706 703 ab
715 687 794 707 imperiali
802 687 885 703 maiestate
892 689 918 703 tua
926 687 970 703 omni
978 691 1028 707 opere
1036 691 1063 703 cu-

687 711 755 727 randum
766 715 857 728 censemus.
866 712 884 726 ut
894 710 985 726 dominator
992 710 1035 726 idem
1043 710 1062 726 ab

687 739 706 750 eo
714 735 779 750 demum
787 734 854 750 consitio
861 734 932 752 desistat.
939 738 956 750 ac
962 734 982 749 de
988 734 1037 750 rebus
1042 734 1062 750 ad

687 758 772 774 catholicos
780 758 860 773 Armenes
867 757 985 777 pertinentibus
993 757 1064 773 uoniam

687 785 724 797 enm
731 781 832 797 schismatico
839 781 929 797 Patriarcba
936 781 1019 797 catholicis
1026 781 1064 801 ipsis

687 805 759 823 intenso.
771 805 799 821 sed
813 809 850 822 curn
863 809 883 820 eo
893 806 930 824 agat
940 805 968 824 qni
981 804 1063 820 catholicis

688 829 761 844 Armenis
769 828 907 848 Constantinopoli
917 829 985 848 praeest.
997 828 1017 843 At
1024 832 1064 844 vero

687 856 720 868 non
733 852 811 867 Armenes
824 851 883 869 solum.
895 851 923 867 sed
933 851 1005 870 reliquos
1016 851 1063 867 etiam

687 878 721 891 tum
732 874 918 895 Constantinopolitanae
928 874 973 890 urbis
984 876 1018 890 tum
1028 874 1064 890 alia-

687 903 724 915 rum
735 898 837 915 orientalium
849 898 935 917 regionum
947 898 1037 916 catholicos.
1046 898 1064 913 il-

687 923 711 938 los
722 922 769 938 etiam
780 922 808 942 qui
819 922 835 937 in
846 921 885 937 locis
896 921 955 941 degant
963 925 1029 941 graecae
1037 921 1064 937 do-

687 946 771 962 minationi
783 945 859 961 subiectis
869 944 895 961 vel
907 945 1017 963 subiiciendis.
1028 949 1065 965 apo-

686 969 747 988 stolica,
760 971 778 985 nt
790 969 874 987 debemus,
886 968 994 985 sollicitudine
1010 971 1064 984 nostra

686 992 815 1013 oomplectimur3
822 994 871 1011 atque
876 992 935 1008 idcirco
941 996 968 1008 eos
974 996 1031 1008 omnes
1037 996 1064 1012 po-

687 1016 777 1033 tentissimo
786 1016 872 1032 maiestatis
881 1017 917 1031 tuae
925 1016 1013 1035 patrocinio
1021 1019 1064 1031 com-

687 1040 787 1056 mendamus.
793 1039 850 1055 Nostra
857 1043 916 1059 nempe
922 1041 957 1055 vota
963 1043 983 1054 eo
989 1039 1063 1057 tendunt.

686 1065 705 1079 ut
718 1063 734 1079 in
749 1065 784 1079 tuto
798 1063 820 1078 ibi
834 1064 903 1082 ponatur
916 1062 986 1078 liberum
998 1066 1064 1082 prorsus

686 1087 772 1102 catholicae
783 1086 872 1105 Religionis
882 1086 983 1104 exercitium.
992 1088 1009 1101 et
1016 1089 1064 1101 nemo

686 1110 702 1125 in
714 1112 797 1129 posterum
808 1109 873 1127 venri.
884 1113 913 1125 seu
927 1109 981 1128 aliquo
995 1113 1064 1125 suorum

686 1133 800 1153 temporalium
808 1133 867 1149 iurium
876 1133 974 1148 detrimento
981 1132 1021 1148 affici
1027 1136 1063 1152 pro-

687 1159 741 1176 pterea
757 1157 815 1176 possit.
827 1156 870 1176 quod
885 1155 979 1172 catholicam
991 1156 1064 1175 profiteri

686 1180 735 1196 fldem
741 1182 757 1196 et
763 1180 860 1196 sanctissima
865 1180 893 1195 Dei
900 1179 1012 1198 Ecclesiaeque
1019 1183 1064 1199 prae-

686 1205 731 1223 cepta
742 1204 823 1219 custodire
834 1203 879 1219 velit.
888 1203 962 1222 Insignis.
970 1203 1065 1219 charissime

686 1227 703 1243 in
710 1227 775 1243 Christo
786 1226 808 1242 flii
815 1228 876 1244 noster.
883 1226 932 1246 pietas
940 1228 967 1242 tua
975 1228 991 1242 et
998 1226 1064 1242 lervens

687 1251 723 1268 ille.
736 1254 768 1270 qun
781 1250 878 1269 religionem
891 1250 1004 1269 prosequeris,
1019 1254 1064 1265 amor

686 1276 746 1290 certam
758 1274 774 1289 in
785 1277 830 1293 spem
842 1277 871 1289 nos
882 1273 970 1291 adducunt.
982 1277 1064 1289 commen-

687 1298 758 1313 dationes
766 1297 794 1313 hes
802 1299 864 1313 nostras
872 1297 960 1312 maximum
969 1297 1031 1316 pondus
1038 1297 1064 1312 ba—

687 1321 748 1336 bituras
758 1321 800 1340 apud
808 1324 898 1336 caesaream
906 1320 1005 1336 maiestatem
1014 1322 1063 1338 tuam.

687 1344 712 1360 cni
724 1344 853 1360 benedictionem
865 1343 968 1363 apostolicam
979 1347 1017 1359 cum
1028 1347 1063 1363 per-

687 1370 745 1387 petuae
761 1367 840 1383 felicitatis
856 1369 891 1383 tuae
906 1369 945 1383 voto
962 1367 1063 1382 coniunctam

687 1393 745 1406 etcum
754 1390 833 1410 imperiali
840 1390 899 1406 familia
907 1392 933 1406 tus
940 1390 1015 1406 universa
1021 1394 1064 1406 com-

688 1414 805 1432 municandam.
817 1414 926 1429 amantissime
938 1413 1046 1433 impertimur.

708 1437 765 1453 Datum
776 1437 841 1455 Romae.
853 1437 894 1457 apud
909 1437 925 1453 S.
938 1437 1002 1453 Mariam
1017 1436 1064 1452 Maio-

687 1465 729 1479 rem,
742 1461 773 1477 sub
784 1461 844 1476 annulo
856 1461 948 1478 Piscatoris.
963 1460 989 1476 die
1000 1464 1028 1475 xx.
1040 1460 1063 1475 iu-

688 1484 704 1500 lii
716 1488 822 1502 uncccxnx„
838 1484 939 1504 pontificatus
953 1484 1003 1499 nostri
1014 1487 1040 1499 an.
1051 1487 1063 1499 1.

1024 230 1054 246 m
1083 230 1109 244 An⁴
1116 230 1130 244 C.
1138 230 1172 244 {829
