4756 6994
902 619 1045 664 claudus
1067 619 1117 663 PP.
1142 618 1199 662 xil.

270 739 393 802 tionem
417 738 490 800 dicti
513 737 641 816 collegii
667 736 862 800 investiendi
890 751 929 798 ex
952 751 1024 814 apo-

270 833 401 895 stolicae
416 838 543 894 nostrae
559 831 757 894 liberalitatis
772 829 971 906 benignitate
990 829 1023 890 in

272 925 417 988 eiusdem
443 923 572 1002 collegii
593 941 609 984 a
632 923 739 995 nobis,
764 931 800 986 ut
829 921 1022 1000 praefertur,

272 1019 371 1081 erecti
392 1019 568 1080 subsidium
590 1017 873 1094 assignaverimus,
898 1015 1023 1092 elargiti

272 1111 429 1175 fuerimus
452 1118 484 1172 et
512 1111 761 1184 donaverimus;
792 1126 901 1172 curam
931 1125 1020 1180 vero,

273 1208 431 1285 regimen,
448 1205 759 1267 administrationem
779 1204 907 1280 collegii
930 1219 946 1264 a
968 1220 1023 1264 no-

274 1301 331 1370 bis,
349 1309 385 1362 ut
406 1299 599 1377 praefertur,
617 1297 716 1359 erecti
738 1297 924 1358 huiusmodi
946 1310 1021 1358 ven.

273 1393 362 1454 111111
384 1399 493 1454 nostro
514 1393 672 1453 moderno
688 1398 720 1451 et
734 1405 790 1468 pro
806 1397 953 1466 tempore
970 1405 1023 1450 ex-

274 1487 397 1548 sistenti
420 1486 576 1564 Episcopo
598 1483 764 1556 Bisinien.,
788 1499 845 1561 per
867 1499 942 1544 eum
964 1482 1023 1544 sub

274 1581 398 1658 legibus
418 1578 672 1658 praescribendis
703 1586 891 1653 servataque
921 1575 1023 1638 torma

274 1674 405 1736 concilii
428 1672 580 1751 praedicti
611 1671 811 1748 regendum,
843 1671 1024 1746 gubernan-

275 1771 348 1831 dum
385 1773 417 1828 et
449 1765 733 1827 administrandum
766 1763 1024 1826 commiserimus

275 1869 305 1924 et
320 1859 597 1933 mandaverimus3
621 1859 744 1934 aliaque
760 1859 899 1935 desuper
915 1858 1023 1918 decre·

274 1956 428 2026 venimus
459 1953 679 2022 statuerimus,
709 1952 963 2013 concesserimus
992 1959 1024 2012 et

274 2048 515 2116 indulserimus,
530 2061 610 2122 quae
625 2045 708 2106 felici
720 2045 793 2107 dicti
810 2043 938 2120 collegii
954 2061 1023 2106 suc-

274 2142 376 2203 cessui
398 2139 625 2218 conspeximus
647 2139 679 2198 in
700 2139 835 2199 Domino
851 2137 1023 2200 salubriter

274 2235 442 2312 expedire,
467 2239 563 2310 prout
585 2233 616 2293 in
640 2231 758 2294 nostris
782 2232 921 2309 desuper
950 2249 1023 2293 con-

274 2327 373 2396 lectis,
398 2333 430 2388 et
451 2326 510 2387 sub
532 2326 639 2387 datum
662 2341 694 2386 v.
718 2326 761 2386 id.
780 2325 928 2396 octobris
947 2339 1023 2402 pon-

274 2422 378 2482 tificat.
393 2420 494 2481 nostri
510 2435 593 2480 anno
610 2419 706 2480 tertio
721 2419 878 2496 expeditis
894 2419 1020 2492 litteris,

274 2531 349 2592 quas
372 2514 593 2592 praesentibus
616 2513 655 2574 de
677 2513 779 2573 verbo
804 2513 841 2573 ad
869 2513 1020 2586 verbum,

275 2617 306 2669 et
320 2608 420 2669 nibilo
436 2607 564 2684 penitus
582 2607 712 2678 omisso,
730 2606 841 2667 haberi
856 2606 1020 2678 volumus,

276 2718 329 2780 pro
351 2702 482 2764 insertis
503 2701 630 2778 plenius
652 2700 852 2774 continetur3
876 2707 919 2770 et,
941 2701 1023 2764 sicut

275 2813 335 2857 non
363 2797 432 2856 siue
462 2795 555 2855 hilari
577 2794 673 2855 animi
697 2794 798 2856 nostri
824 2795 1021 2856 exultatione

274 2891 458 2967 accepimus,
476 2888 583 2966 palatii
605 2887 756 2964 praedicti
780 2887 1020 2950 dismembratio

1080 751 1239 798 summam
1269 736 1517 799 ascendentibus
1544 742 1576 798 et
1604 751 1661 814 per
1690 737 1831 800 eundem

1079 829 1184 890 eidem
1207 829 1345 906 collegio
1368 829 1491 890 donatis
1514 835 1546 890 et
1567 827 1711 906 largitis,
1736 837 1831 908 prout

1079 921 1111 983 in
1133 923 1351 984 instrumento
1374 923 1554 985 donationis
1570 923 1756 984 huiusmodi
1772 939 1830 1002 per

1078 1021 1143 1076 1611
1165 1015 1273 1077 dilecti
1296 1032 1425 1094 quoque
1448 1017 1505 1078 tilii
1527 1016 1631 1078 Caroli
1661 1016 1829 1092 Pignataro

1078 1109 1192 1170 notarii
1210 1109 1328 1186 publici
1342 1109 1401 1172 sub
1418 1109 1469 1171 die
1484 1127 1550 1171 xxv.
1569 1110 1688 1172 mensis
1703 1110 1830 1171 februa·

1078 1204 1117 1263 rii
1140 1201 1314 1264 millesimo
1342 1203 1632 1281 septingentesimo
1660 1205 1830 1282 trigesimo

1078 1303 1191 1374 quarto
1208 1303 1330 1372 rogato,
1345 1298 1470 1374 plemus
1486 1297 1680 1368 continetur,
1694 1298 1830 1360 ditatum

1078 1405 1180 1468 usque
1193 1391 1357 1453 demense
1370 1390 1830 1468 iebruariianniDominipro·

1078 1484 1164 1545 xime
1181 1485 1356 1562 praeteriti,
1372 1501 1429 1562 pro
1445 1483 1688 1546 introducendis
1700 1484 1732 1544 in
1748 1484 1829 1547 illud

1078 1577 1146 1638 oius
1169 1579 1286 1639 tuturis
1314 1577 1469 1648 alumniS,
1494 1577 1529 1639 ad
1560 1577 1660 1638 divini
1688 1578 1829 1639 nominis

1079 1671 1214 1748 gloriam
1236 1672 1423 1749 adapertum
1446 1669 1561 1746 luerit,
1587 1657 1667 1732 etin
1690 1671 1768 1733 illud
1785 1673 1830 1734 sic

1077 1765 1264 1842 adapertum
1294 1765 1525 1842 septemdecim
1554 1765 1688 1825 iuvenes
1712 1766 1829 1844 probae

1079 1859 1213 1936 piaeque
1244 1858 1360 1920 indolis
1391 1875 1431 1920 ex
1461 1859 1596 1920 diversis
1630 1857 1704 1919 dicti
1736 1861 1829 1936 regni

1078 1952 1297 2024 dioecesibus,
1320 1953 1407 2013 iuxta
1429 1953 1605 2031 praedictas
1635 1960 1757 2015 nostras
1780 1953 1830 2014 lit-

1079 2053 1162 2107 teras
1185 2046 1372 2122 qualilicati,
1397 2062 1523 2108 necnon
1553 2053 1620 2107 tres
1648 2046 1829 2124 presbyteri

1079 2141 1223 2216 magistri
1247 2158 1280 2200 16
1303 2141 1366 2200 duo
1382 2140 1520 2201 ministri
1542 2139 1610 2201 laici
1628 2157 1685 2217 pro
1701 2157 1830 2202 eorum·

1078 2235 1152 2296 dem
1175 2233 1380 2295 alumnorum
1404 2234 1436 2294 in
1463 2234 1577 2295 eodem
1603 2233 1740 2309 collegio
1764 2234 1829 2294 exi-

1076 2331 1231 2389 stentium
1265 2327 1398 2388 servitio
1433 2327 1608 2387 introducti
1641 2326 1763 2388 luerint
1799 2333 1830 2388 et

1079 2421 1217 2482 existant
1239 2421 1278 2481 de
1298 2421 1474 2498 praesenti,
1495 2419 1629 2481 iuvenes
1645 2436 1724 2481 vero
1741 2435 1829 2498 prae-

1079 2515 1164 2586 dicti,
1188 2515 1243 2584 616,
1273 2522 1308 2576 111
1330 2512 1522 2591 praefertur,
1554 2514 1727 2574 introducti
1750 2514 1829 2575 inibi

1077 2609 1136 2671 sub
1160 2608 1244 2670 felici
1266 2608 1400 2668 rectoris
1429 2624 1463 2668 ac
1484 2607 1714 2684 magistrorum
1742 2623 1829 2685 prae-

1077 2703 1237 2765 dictorum
1258 2702 1435 2778 regimine,
1459 2707 1522 2761 tam
1552 2701 1585 2761 in
1618 2700 1828 2765 ecclesiastica

1077 2795 1252 2873 disciplina,
1273 2811 1368 2871 quam
1392 2795 1424 2856 in
1446 2793 1628 2855 studiorum
1652 2807 1826 2870 progressu

1077 2905 1258 2965 eorumque
1270 2888 1387 2966 probae
1401 2887 1585 2964 sagacisque
1599 2885 1714 2948 indolis
1726 2887 1826 2958 cultu,

274 2985 422 3059 illiusque
451 2984 484 3044 in
510 2981 684 3056 collegium
717 2981 913 3058 praedictum
942 3000 1020 3060 opus
1047 3018 1049 3097 p
1076 2984 1120 3046 sic
1142 2985 1243 3060 magis
1265 2982 1431 3059 magisque
1453 2979 1620 3060 protioiant
1641 2980 1674 3041 in
1697 2981 1775 3050 dies,
1793 2987 1830 3042 ut

274 3078 455 3156 apluribus
485 3075 576 3137 Rom.
601 3075 806 3138 Pontificibus
836 3077 1021 3152 praedeces·
1047 3102 1049 3152 1
1077 3095 1118 3138 ex
1145 3075 1356 3138 laudabilibus
1389 3091 1502 3136 eorum
1535 3074 1686 3136 iuvenilis
1718 3074 1829 3134 aetatis

273 3173 395 3234 soribus
418 3171 536 3232 nostris
557 3185 686 3246 semper
708 3171 925 3248 concupitum,
950 3186 1019 3232 ere-

274 3264 332 3325 ctio
361 3271 393 3324 61
421 3262 581 3322 institutio
610 3279 643 3322 16
667 3268 811 3322 taxarum
834 3261 1019 3323 huiusmodi

273 3357 452 3436 applicatio,
487 3371 546 3416 nec
574 3371 638 3416 non
672 3355 801 3416 maioris
834 3355 930 3432 pactis
962 3371 1019 3417 sex

275 3451 409 3513 millium
435 3457 601 3512 scutorum
627 3449 733 3510 eidem
767 3450 979 3523 monasterio,
1003 3469 1019 3512 a

275 3546 372 3616 nobis,
397 3552 433 3607 ut
461 3544 659 3622 praefertur,
690 3543 881 3620 largitorum
912 3551 944 3606 et
965 3545 1018 3607 do-

274 3647 420 3700 natorum
449 3639 482 3699 in
511 3637 695 3700 evidentem
723 3637 868 3698 eiusdem
890 3637 1019 3715 collegii

273 3734 440 3795 utilitatem
462 3731 742 3800 investimentum,
766 3730 890 3806 aliaque
912 3733 1019 3792 omnia

273 3833 303 3888 et
323 3825 450 3902 singula
471 3823 662 3902 praemissa,
686 3833 811 3886 servata
832 3823 935 3886 torma
964 3841 1019 3886 no·

272 3926 408 3980 strarnm
425 3917 605 3978 litterarum
622 3915 856 3994 praedictarum
873 3933 912 3978 ex
928 3917 1018 3994 vigili

271 4013 375 4074 studio
403 4011 581 4088 seduloque
612 4011 721 4071 labore
750 4010 857 4072 dilecti
884 4011 1019 4073 1111116-

272 4105 337 4168 licis
360 4105 516 4168 Samuelis
539 4104 658 4166 Rodota
683 4103 862 4182 presbyteri
890 4105 1019 4166 Bisinia-

272 4217 357 4273 nen.,
381 4217 439 4261 seu
461 4199 593 4260 alterius
619 4198 754 4262 civitatis
777 4199 829 4260 161
852 4199 1017 4270 dioecesis,

272 4296 323 4372 qui
356 4302 485 4356 nostrae
515 4293 728 4356 bibliothecae
759 4292 927 4354 vaticanae
961 4309 1019 4354 nec

272 4405 333 4451 non
348 4387 616 4464 congregationis
631 4387 865 4450 venerabilium
883 4387 1017 4450 fratrum

270 4491 456 4545 nostrorum
473 4479 504 4541 S.
522 4481 557 4544 R.
575 4479 610 4542 E.
636 4479 853 4542 Cardinalium
875 4481 1018 4556 negociis

271 4576 309 4637 de
331 4575 535 4654 Propaganda
562 4573 638 4636 Fide
667 4573 926 4652 Praepositorum
953 4591 1019 4636 ser·

270 4671 354 4732 vitiis
376 4668 578 4731 laudabiliter
599 4667 728 4738 insistit,
746 4677 777 4730 et
800 4683 896 4744 quem
913 4685 971 4730 nos
986 4667 1020 4729 in

271 4765 410 4842 primum
446 4761 590 4824 eiusdem
623 4761 752 4839 collegii
784 4767 945 4824 rectorem
981 4763 1018 4824 ad

270 4858 520 4937 praemissorum
556 4855 838 4931 exequendorum'
868 4856 1017 4918 ellectum

271 4951 510 5031 deputavimus,
545 4965 604 5028 ope
626 4949 686 5010 sibi
708 4949 877 5012 assistente
899 4950 1016 5022 divina,

270 5061 383 5108 eorum
405 5045 549 5107 debitum
565 5044 676 5107 sortita
696 5043 760 5104 sint
775 5043 938 5114 ellectum,
955 5043 1019 5106 661-

269 5139 456 5217 legiumque
479 5138 677 5217 praedictum
705 5137 743 5199 ab
772 5137 887 5199 eodem
913 5137 1019 5200 Felice

271 5231 419 5294 Samuele
440 5233 473 5294 in
495 5231 581 5293 illius
603 5229 770 5293 veteribus
793 5238 824 5292 et
845 5229 906 5291 iam
922 5245 1019 5292 ruen-

269 5327 352 5389 tibus
373 5327 597 5398 iustauratum,
621 5325 780 5401 novisque
802 5323 933 5386 aedibus
960 5339 1019 5403 pro

270 5421 414 5494 rectoris,
437 5419 656 5490 alumnorum,
685 5418 915 5495 magistrorum
944 5417 1019 5482 alio·

269 5529 407 5591 rumque
433 5513 512 5576 inibi
539 5511 829 5576 intervenientium
856 5513 1019 5575 ministro-

270 5624 342 5670 rum
364 5607 535 5672 commodo
556 5607 737 5678 adauctum,
754 5621 902 5684 novaque
925 5606 1018 5668 sacri-

269 5705 343 5774 stia,
376 5718 519 5779 congrua
551 5701 730 5792 decoraque
762 5717 848 5762 61611
879 5702 1018 5780 supelle-

270 5797 335 5859 ctili
355 5797 511 5858 instructa
541 5811 599 5874 pro
627 5793 713 5858 illius
737 5794 869 5857 ecclesia
898 5795 1018 5874 praedi-

270 5885 316 5953 c'ta
351 5891 496 5952 eiusdem
533 5889 645 5952 Felicis
682 5889 839 5952 Samuelis
880 5891 1018 5968 propriis

270 5985 450 6064 sumptibus
473 5984 699 6062 expensisque,
717 6001 780 6045 non
803 5985 839 6045 111
864 5983 1018 6046 modicam

1077 3172 1200 3232 indiciis
1216 3168 1436 3230 verisimiliter
1451 3167 1640 3246 concipitur,
1658 3167 1743 3243 quod
1759 3182 1829 3228 suc·

1076 3263 1265 3326 cedentibus
1287 3262 1347 3323 sibi
1369 3262 1459 3322 annis
1475 3260 1650 3336 solidisque
1666 3275 1828 3320 sacrarum

1076 3357 1257 3418 litterarum
1282 3355 1470 3432 pietatisque
1492 3352 1627 3422 viribus,
1642 3367 1676 3412 66
1691 3352 1724 3413 111
1740 3352 1827 3412 11166

1078 3449 1265 3529 producturi
1297 3447 1362 3508 sint
1392 3447 1571 3518 virtuosos,
1607 3453 1638 3506 et
1666 3453 1828 3523 tamquam

1077 3545 1171 3622 igniti
1205 3545 1241 3604 ad
1278 3543 1416 3604 inoletos
1445 3557 1520 3602 suae
1547 3540 1682 3600 nationis
1711 3539 1828 3600 abusus

1077 3653 1271 3715 erroresque
1303 3635 1445 3714 undique
1478 3635 1648 3696 terrendos
1680 3639 1828 3694 everten-

1077 3735 1200 3809 dosque
1222 3733 1259 3792 ab
1281 3731 1395 3792 eodem
1419 3728 1556 3804 collegio
1579 3727 1744 3804 egressuri
1765 3726 1829 3788 sint

1076 3829 1207 3900 leones;
1223 3831 1271 3886 'et
1292 3823 1367 3885 11661
1396 3838 1435 3884 61
1458 3821 1608 3884 omnibus
1634 3827 1666 3883 et
1691 3819 1828 3897 singulis

1077 3920 1260 4000 praemissis
1282 3917 1410 3994 collegii
1432 3917 1585 3995 praedicti
1606 3913 1759 3990 illiusque
1779 3928 1828 3974 re·

1077 4016 1189 4086 616116,
1227 4013 1475 4090 magistrorum,
1513 4009 1720 4072 alumnorum
1752 4007 1828 4068 alio·

1076 4125 1215 4187 rumque
1239 4107 1463 4170 ministrorum
1486 4103 1725 4182 praedictorum
1753 4116 1828 4163 con·

1077 4219 1176 4280 gruae
1198 4199 1445 4269 manutentioni,
1463 4193 1721 4266 substentationi,
1743 4209 1828 4255 eom-

1076 4295 1283 4358 moditatibus
1313 4290 1621 4366 necessitatibusque
1650 4288 1724 4350 satis
1753 4304 1827 4349 con-

1077 4382 1826 4464 sultumessedignoscatur,nibilominus,cum

1077 4483 1186 4544 nullus
1202 4483 1234 4544 in
1251 4481 1335 4542 dicto
1350 4478 1487 4554 collegio
1509 4477 1590 4538 adsit
1610 4475 1699 4536 locus
1714 4474 1747 4534 in
1762 4487 1827 4550 quo

1076 4577 1228 4638 iuventus
1241 4574 1411 4653 praedicta,
1425 4589 1441 4632 a
1457 4571 1638 4632 studiorum
1654 4582 1769 4628 vacans
1784 4565 1826 4627 la-

1076 4671 1166 4742 bore,
1184 4685 1242 4748 per
1262 4667 1364 4746 aperti
1387 4667 1469 4728 aeris
1487 4664 1715 4726 amoenitatem
1731 4677 1747 4721 a
1762 4668 1827 4721 stu·

1076 4765 1136 4827 diis
1168 4763 1337 4842 praedietis
1369 4761 1511 4823 levatum
1544 4771 1692 4818 recreare
1723 4754 1827 4815 valeat

1075 4859 1238 4930 animum,
1269 4870 1373 4932 eoque
1401 4853 1446 4914 616
1472 4857 1615 4914 16616116
1646 4847 1828 4927 promptior

1075 4951 1276 5028 validiorque
1297 4949 1334 5011 ad
1357 4947 1460 5012 studia
1485 4947 1551 5024 ipsa
1580 4943 1691 5006 redeat
1718 4955 1827 5020 prose-

1076 5045 1218 5124 quenda;
1241 5059 1358 5106 verum
1374 5043 1399 5102 si
1415 5039 1615 5108 viridarium,
1629 5035 1730 5112 vulgo
1750 5032 1826 5095 Orto

1075 5135 1267 5201 dett-’Abbate
1282 5139 1514 5212 nuncupatum,
1528 5132 1613 5215 inter
1629 5128 1753 5204 reliqua
1764 5125 1828 5205 pri-

1075 5248 1129 5293 mo
1152 5229 1226 5292 dioti
1253 5227 1439 5290 monasterii
1470 5225 1552 5288 bona
1574 5223 1716 5285 existens
1738 5226 1770 5280 et
1789 5219 1827 5280 ad

1075 5325 1155 5387 illud
1176 5329 1334 5401 spectans,
1358 5321 1508 5398 dictoque
1530 5316 1645 5398 palatio
1667 5317 1700 5377 in
1731 5311 1827 5376 colle·

1076 5419 1166 5496 gium
1188 5416 1398 5495 praedictum,
1423 5421 1459 5477 ut
1480 5411 1674 5492 praefertur,
1705 5413 1823 5478 erecto,

1075 5513 1293 5590 propinquum
1316 5525 1350 5570 16
1372 5507 1441 5571 1616
1455 5507 1644 5576 adhaerens,
1661 5499 1827 5566 nonnullis

1076 5603 1181 5684 paucis
1203 5602 1362 5664 consitum
1392 5589 1560 5662 arboribus
1583 5597 1698 5668 Moris,
1722 5599 1827 5657 souto-

1075 5715 1149 5760 rum
1173 5699 1282 5760 decem
1307 5703 1454 5758 monetae
1476 5707 1627 5755 romanae
1650 5689 1747 5751 annui
1778 5703 1827 5748 re·

1076 5793 1172 5863 ditus,
1190 5791 1308 5854 valoris
1330 5805 1409 5852 vero
1432 5789 1463 5851 in
1487 5788 1679 5867 proprietate
1695 5789 1825 5846 centum

1076 5887 1202 5953 circiter
1223 5899 1388 5951 scutorum
1412 5887 1512 5948 dictae
1543 5889 1690 5944 monetae
1720 5877 1825 5940 eidem

1047 5935 1051 6040 i
1076 5983 1214 6064 collegio
1236 6001 1251 6043 a
1273 5981 1376 6051 nobis,
1400 5987 1435 6042 ut
1457 5978 1538 6040 inira
1560 5976 1773 6055 applicaretur
1795 5977 1829 6032 et

1755 601 1808 664 131
1871 603 1920 658 ,111
1935 601 1962 657 C.
1978 600 2045 656 1751
