4756 6994
314 539 368 597 tin.
382 537 411 597 il.
424 539 493 596 llic
550 539 607 604 lot

485 678 489 685 '
529 693 617 739 num.
630 678 842 755 regularium,
860 693 942 756 quae
957 695 997 740 ex
1013 677 1180 756 quibusvis
1202 691 1275 738 cen-

528 771 724 856 cessionibus
739 779 771 834 et
785 773 1074 851 dispensationibus
1095 770 1275 850 apostolicis

528 863 560 924 in
589 865 731 939 titulum,
756 867 979 930 commendam
1003 866 1056 928 vel
1078 865 1276 927 administra·

528 957 661 1032 tionem,
685 960 738 1022 vel
759 959 835 1022 alias
865 959 1109 1038 quomodolibet
1131 957 1277 1020 obtinue-

528 1051 588 1124 ris,
613 1053 739 1116 obtines
770 1062 802 1116 et
823 1054 1000 1127 obtinebis,
1035 1070 1069 1115 ac
1091 1044 1274 1123 fructuum,

527 1146 712 1209 reddituum
741 1155 773 1210 et
801 1156 1018 1228 proventuum
1051 1147 1276 1209 ecclesiastico-

527 1255 612 1312 rum,
636 1255 780 1302 necnon
803 1241 996 1319 pensionum
1019 1255 1197 1302 annuarum
1225 1255 1277 1302 su-

528 1349 585 1411 per
600 1333 759 1396 similibus
774 1333 942 1408 iructibus,
955 1334 1134 1397 redditibus
1155 1339 1187 1394 et
1205 1348 1276 1411 pre-

526 1428 676 1490 ventibus
707 1429 761 1490 tibi
784 1435 1024 1490 reservatorum
1047 1435 1080 1490 et
1105 1428 1277 1504 assignato·

527 1537 599 1583 rum
616 1539 650 1584 ae
661 1522 933 1584 reservandorum
950 1529 982 1584 et
996 1523 1274 1600 assignandorum,

527 1629 607 1692 quos
630 1623 661 1677 et
683 1630 759 1692 quas
782 1615 919 1694 percipis
941 1623 973 1678 et
994 1616 1151 1695 percipies
1174 1616 1205 1677 in
1229 1615 1276 1678 lu-

527 1717 656 1782 turum,
689 1727 839 1772 necnon
870 1709 1169 1772 emolumentorum
1199 1726 1277 1788 quo·

526 1818 752 1880 rumcumque,
776 1803 936 1866 Romanae
958 1801 1072 1866 Curiae
1097 1803 1275 1866 ciliciorum

525 1905 579 1958 aut
599 1897 674 1958 alias
696 1897 940 1974 quomodolibet
961 1905 1102 1975 spectan.
1127 1905 1159 1960 et
1180 1898 1276 1977 perti-

525 2005 614 2064 nem,
636 2007 775 2054 necnon
791 1999 843 2054 tua
858 1991 1014 2054 industria
1033 1992 1277 2069 quomodolibet

525 2091 557 2146 et
584 2086 812 2162 undecumque
839 2085 939 2166 (licite
967 2084 1088 2164 tamen)
1115 2086 1275 2162 acquisitis

525 2185 557 2240 et
578 2178 793 2255 acquirendis,
818 2195 852 2242 ac
873 2180 948 2243 alias
977 2181 1073 2242 etiam
1095 2180 1134 2242 de
1163 2196 1275 2243 mune·

524 2272 612 2334 ribus
634 2281 666 2336 et
688 2273 808 2346 ciliciis,
830 2289 911 2350 quae
933 2275 1117 2336 exercueris
1137 2282 1170 2336 et
1183 2289 1274 2337 exer-

524 2382 598 2428 cere
620 2367 803 2444 contigerit,
828 2373 860 2429 et
881 2368 956 2430 alias
978 2369 1089 2445 quavis
1110 2370 1274 2432 occasione

523 2459 576 2522 vel
597 2477 687 2523 causa
709 2462 746 2524 ad
770 2468 801 2524 te
823 2463 987 2540 perventis
1009 2469 1040 2524 et
1056 2463 1272 2540 perventuris,

524 2554 649 2618 etiamsi
671 2555 703 2616 in
726 2556 858 2634 pecunia
880 2564 1047 2618 numerata
1065 2573 1099 2618 ac
1120 2555 1274 2620 localibus

524 2656 556 2710 et
578 2649 716 2726 gemmis
741 2649 884 2726 aliosque
907 2650 1150 2727 pretiosioribus
1176 2651 1273 2714 rebus

524 2743 718 2814 consistant,
756 2751 818 2804 tam
856 2745 887 2805 in
922 2743 1016 2806 Curia
1051 2760 1146 2822 quam
1184 2754 1272 2808 extra

524 2851 605 2907 eam,
622 2836 743 2913 ubique
765 2835 922 2910 locorum,
944 2838 1038 2900 etiam
1056 2854 1154 2916 penes
1176 2839 1272 2902 bene·

523 2929 591 2990 licia
613 2929 679 3008 ipsa
701 2930 850 2998 existen..
868 2945 1007 3006 qnorum
1031 2936 1174 2993 omnium
1198 2949 1272 3011 qua·

523 3021 627 3084 litates
646 3040 680 3085 ac
701 3039 796 3086 veros
812 3025 906 3088 etiam
931 3041 1053 3088 annuos
1072 3027 1209 3099 valeres,
1227 3035 1272 3090 et-

523 3113 614 3175 iamsi
636 3113 708 3176 talia
737 3115 857 3188 lorent,
882 3131 963 3194 quae
991 3119 1022 3180 in
1047 3119 1189 3196 generali
1221 3136 1272 3199 ap·

523 3206 869 3284 pellationebonorum
886 3218 919 3273 et
937 3211 1187 3290 supellectilium
1208 3232 1270 3302 nep

523 3302 684 3372 venirent,
708 3303 764 3364 sed
786 3305 977 3382 specialibus
1005 3306 1192 3384 indigerent
1217 3325 1272 3371 vo·

523 3393 658 3468 cabulis,
684 3396 816 3474 perinde
838 3414 873 3458 ac
894 3399 920 3459 si
940 3399 1087 3477 speciilce
1109 3409 1141 3464 et
1163 3402 1272 3480 singil-

522 3485 611 3548 latim
634 3490 898 3567 exprimerentur
921 3499 953 3553 et
972 3493 1269 3568 denominarentur,

521 3595 580 3656 pro
602 3583 799 3646 sufficienter
815 3585 976 3663 expressis
992 3596 1024 3648 et
1039 3588 1204 3651 declaratis
1221 3591 1272 3652 ba-

521 3673 592 3736 beri
611 3677 774 3750 volumus
791 3686 916 3741 servata
938 3688 1046 3743 tamen
1067 3681 1100 3744 in
1122 3684 1272 3746 omnibus

522 3773 553 3828 et
564 3783 622 3846 per
634 3770 739 3832 omnia
755 3787 818 3834 rec.
832 3789 930 3836 mem.
947 3774 1067 3836 Urbani
1078 3775 1177 3855 Papae
1192 3777 1270 3840 vill.

521 3863 773 3941 praedecessoris
794 3868 896 3929 nostri
918 3875 950 3930 et
970 3869 1118 3942 aliorum,
1142 3871 1168 3932 si
1194 3886 1271 3949 quas

523 3965 584 4020 tam
616 3974 672 4036 per
703 3975 761 4020 nos
789 3975 884 4038 quam
913 3977 1115 4026 successores
1145 3973 1271 4028 nostros

521 4053 571 4115 edi
588 4054 761 4131 contigerit
775 4057 1040 4121 constitutionum
1057 4059 1159 4121 lorma
1174 4076 1272 4139 super

521 4145 679 4210 fructibus
711 4149 864 4212 inexactis
900 4165 1002 4230 usque
1037 4153 1074 4215 ad
1110 4169 1268 4218 summam

521 4241 611 4303 mille
632 4242 820 4304 ducatorum
841 4245 909 4305 auri
925 4246 964 4306 de
979 4261 1113 4319 camera,
1132 4255 1195 4310 tam
1212 4265 1270 4328 pro

521 4335 663 4398 honestis
692 4345 724 4397 et
746 4337 932 4399 decentibus
954 4338 1107 4417 impensis
1129 4341 1270 4404 iunebri·

520 4432 590 4501 bus,
614 4444 709 4507 quam
733 4429 827 4491 etiam
844 4446 902 4508 pro
916 4434 1179 4497 remuneratione
1200 4435 1270 4499 illo·

520 4540 606 4596 rum,
630 4524 684 4602 qui
708 4524 763 4586 tibi
785 4525 907 4588 viventi
929 4525 1149 4601 inservierint,
1173 4530 1267 4592 etiam

519 4618 604 4680 ultra
626 4618 749 4681 servitii
772 4620 925 4682 meritum
949 4637 982 4682 ac
997 4619 1029 4682 in
1047 4627 1177 4684 tuorum
1196 4640 1269 4686 con·

520 4712 773 4788 sanguineorum
790 4720 821 4776 et
832 4713 974 4775 ailininm
990 4731 1024 4776 ac
1039 4729 1269 4792 quorumcum-

520 4818 583 4883 que
605 4805 751 4868 locorum
774 4805 901 4882 piorum
928 4805 1071 4870 lavarem
1096 4817 1129 4872 et
1153 4827 1266 4878 usum.

520 4906 552 4962 et
573 4899 648 4962 alias
670 4914 728 4978 pro
750 4899 882 4960 arbitrio
906 4905 938 4962 et
958 4902 1123 4964 voluntate
1142 4910 1203 4976 tua,
1217 4903 1269 4966 ab·

519 4993 633 5056 solutis
665 4993 754 5072 prius
789 4999 897 5055 tamen
928 4995 967 5056 de
999 4996 1148 5074 praefatis
1177 4998 1268 5060 bonis

520 5087 670 5148 omnibus
698 5102 772 5148 aere
794 5086 914 5160 aliene,
939 5093 972 5150 et
993 5087 1077 5161 aliis,
1101 5104 1182 5166 quae
1211 5106 1268 5168 pro

519 5181 736 5243 restaurandis
758 5181 906 5243 domibus
929 5197 986 5244 seu
1002 5183 1151 5245 aediliciis
1167 5184 1268 5246 consi-

519 5275 678 5338 stentibus
700 5276 733 5338 in
755 5275 832 5338 locis
861 5275 1066 5338 ecclesiarum
1097 5279 1148 5340 vel
1172 5278 1268 5340 bene-

520 5369 666 5431 ficiorum
689 5385 747 5448 per
768 5375 799 5432 te
822 5371 1041 5444 obtentorum,
1059 5371 1149 5449 culpa
1167 5379 1199 5434 et
1214 5389 1268 5434 ne-

520 5462 674 5540 gligentia
706 5470 759 5525 tua
790 5481 825 5526 ac
857 5472 1102 5542 procuratorum
1136 5473 1267 5528 tuorum

519 5557 690 5618 destructis
711 5557 763 5619 vel
786 5557 1000 5632 deterioretis,
1018 5576 1156 5622 necnon
1177 5575 1268 5622 recu-

519 5649 666 5726 perandis
689 5649 780 5711 bonis
799 5657 832 5713 et
850 5651 918 5715 aliis
934 5653 1058 5714 iuribus
1079 5654 1266 5716 earumdem

519 5742 724 5806 ecclesiarum
758 5745 811 5807 vel
833 5747 1064 5809 beneficiorum
1096 5747 1267 5826 deperditis

520 5837 673 5915 exculpe
703 5843 735 5899 et
760 5839 958 5924 negligentia
986 5840 1174 5919 supradictis
1200 5841 1267 5903 lue-

519 5930 595 6004 rint,
620 5938 800 6011 opportune
822 5933 978 6009 deductis,
1001 5939 1034 5996 et
1054 5933 1123 5996 sine
1144 5934 1268 6013 praeiu-

1049 559 1115 604 ltin.
1139 557 1231 603 ΡΟΝΤ.
1255 555 1295 600 bn
1317 555 1347 600 P.
1371 556 1401 600 lt,
1425 555 1508 601 PARS
1530 557 1552 602 l.

1332 673 1412 736 dicio
1434 673 1601 737 literarum
1624 681 1656 738 et
1676 675 1942 738 constitutionum
1958 683 2081 755 aposto-

1333 767 1483 842 licarum,
1517 785 1615 848 super
1647 770 1820 832 residentia
1852 772 2022 842 editarum,
2046 788 2080 832 ac

1333 863 1450 926 iuriurn
1483 879 1628 924 camerae
1652 863 1841 942 apostolicae
1873 865 1975 941 quoad
1997 863 2079 926 bona

1333 955 1591 1018 iurisdictioualia
1605 964 1807 1029 testamento,
1818 958 1981 1031 codicillis,
1992 959 2080 1021 fidei-

1332 1051 1511 1122 commissa,
1528 1050 1651 1127 legatis,
1669 1051 1893 1114 donationibus
1912 1059 1975 1114 tam
1994 1053 2079 1116 inter

1332 1143 1422 1206 vivos
1443 1160 1539 1222 quam
1561 1161 1651 1207 cansa
1675 1145 1799 1218 mortis,
1816 1154 1849 1208 et
1866 1145 1935 1208 aliis
1950 1146 2080 1224 quibus-

1332 1253 1471 1316 cumque
1484 1239 1585 1300 modis
1599 1245 1631 1302 et
1642 1238 1801 1312 clausulis,
1814 1241 1970 1317 scriptura
1984 1240 2077 1302 etiam

1333 1331 1439 1393 minus
1451 1332 1589 1396 solemni
1600 1349 1706 1395 ceram
1719 1333 1845 1396 duobus
1855 1334 1908 1396 vel
1922 1333 2022 1396 tribus
2035 1341 2079 1396 te-

1331 1427 1442 1499 stibus,
1457 1443 1491 1488 ac
1506 1427 1602 1488 etiam
1618 1427 1768 1490 schedula
1784 1443 1881 1490 manu
1897 1435 1949 1490 tna
1964 1427 2079 1505 scripta

1332 1521 1384 1584 vel
1396 1521 1584 1599 subscripta,
1608 1538 1642 1582 ac
1657 1521 1743 1593 alias,
1760 1522 1792 1582 in
1813 1520 1962 1584 omnibns
1979 1528 2011 1582 et
2022 1536 2079 1598 per

1333 1616 1450 1688 omnia,
1468 1623 1565 1692 prout
1575 1621 1607 1677 et
1627 1615 1901 1692 quemadmodum
1919 1614 1975 1676 tibi
1992 1614 2078 1676 vide·

1332 1709 1429 1781 bitur,
1444 1710 1538 1770 etia-m
1556 1709 1588 1770 in
1605 1711 1669 1788 ipsa
1680 1709 1786 1780 Curia,
1801 1710 1897 1771 etiam
1915 1709 1948 1770 in
1965 1709 2078 1770 mortis

1331 1804 1478 1876 articulo,
1496 1804 1591 1866 etiam
1607 1803 1694 1866 nulla
1710 1803 1788 1864 iacta
1809 1803 1975 1865 mentione
1991 1818 2080 1880 prae·

1330 1897 1429 1960 sentis
1452 1897 1504 1960 vel
1527 1897 1661 1960 aliarum
1683 1912 1741 1974 pro
1765 1901 1911 1974 tempore
1927 1895 1984 1956 tibi
2005 1911 2079 1957 con-

1331 2007 1493 2056 cessarum
1516 1990 1671 2052 similium
1693 1988 1891 2060 lacultatum,
1915 1995 1969 2050 aut
1993 1989 2077 2066 quod

1330 2085 1363 2147 in
1386 2085 1451 2146 vim
1474 2085 1602 2148 illarum
1618 2083 1727 2146 testari
1738 2099 1795 2146 sen
1811 2083 1983 2162 disponere
1999 2082 2079 2144 velis

1331 2187 1363 2242 et
1383 2179 1540 2251 intendas,
1560 2185 1655 2255 atque
1675 2177 1794 2240 iterum
1818 2193 1852 2240 ac
1873 2177 1995 2256 pluries
2017 2177 2078 2240 dis-

1331 2290 1462 2352 ponere,
1480 2279 1621 2334 statuere
1643 2278 1676 2334 et
1698 2271 1857 2342 ordinare,
1882 2272 1923 2332 ita
1938 2277 1974 2333 nt
1988 2271 2078 2349 quid·

1330 2368 1405 2444 quid
1437 2373 1563 2444 gestum
1594 2373 1647 2427 aut
1676 2366 1857 2426 ordinatum
1880 2364 1931 2426 vel
1959 2364 2034 2426 alias
2062 2382 2077 2426 a

1330 2469 1360 2524 te
1383 2460 1569 2539 dispositum
1597 2459 1713 2531 luerit,
1737 2459 1832 2520 etiam
1855 2458 1888 2519 in
1909 2459 1976 2520 vim
2003 2459 2077 2520 sim·

1329 2555 1419 2633 plicis
1434 2553 1678 2624 distributionis,
1695 2561 1728 2614 et
1742 2553 1828 2624 alias,
1846 2553 1933 2614 omni
1950 2553 2075 2616 meliori

1329 2649 1424 2712 modo
1450 2647 1554 2710 valeat
1583 2655 1615 2709 et
1642 2647 1763 2710 servari
1793 2647 1924 2709 omnine
1951 2647 2075 2720 debeat,

1327 2744 1459 2822 ipsaque
1488 2748 1697 2812 testamenta,
1731 2741 1911 2812 codicillos,
1935 2741 2077 2803 donatio·

1328 2855 1401 2912 nes,
1431 2837 1685 2916 dispensationes
1715 2843 1747 2898 et
1777 2835 2009 2907 ordinationes,
2034 2836 2078 2897 le·

1328 2939 1397 3010 gata
1419 2940 1451 2994 et
1472 2937 1587 2994 statuta
1619 2930 1739 3008 pluries
1768 2936 1800 2991 et
1821 2929 1927 3000 toties,
1951 2927 2077 3007 quoties

1327 3027 1382 3089 tibi
1406 3025 1587 3097 videbitur,
1611 3023 1790 3095 moderari,
1815 3022 1952 3084 limitare
1974 3039 2008 3083 ac
2033 3029 2078 3084 et·

1327 3120 1444 3183 iamin
1473 3126 1576 3181 totum
1608 3133 1761 3180 revocare
1790 3124 1822 3178 et
1842 3116 1900 3178 alia
1930 3116 1969 3178 de
1991 3131 2076 3178 novo

1327 3216 1436 3286 edere,
1449 3214 1551 3276 libere
1567 3221 1600 3275 et
1613 3212 1699 3274 licite
1711 3211 1828 3283 valeas,
1841 3210 2029 3274 auctoritate
2045 3218 2076 3272 el

1327 3316 1441 3370 tenere
1473 3306 1667 3385 praesentis,
1701 3304 1846 3383 plenam,
1881 3304 2014 3366 liberam
2044 3309 2077 3366 et

1328 3401 1546 3466 omnimodam
1575 3399 1779 3462 concedimus
1808 3398 2004 3462 facultatem:
2030 3400 2075 3460 ni-

1327 3496 1504 3559 bilominus
1527 3509 1749 3573 quaecumque
1772 3493 1956 3554 huiusmodi
1982 3500 2075 3554 testa-

1327 3598 1446 3664 menta,
1467 3589 1666 3660 donationes,
1683 3587 1798 3664 legata,
1823 3586 2075 3664 dispensationes

1327 3693 1359 3748 et
1380 3685 1438 3746 alia
1460 3685 1499 3746 de
1515 3681 1697 3745 huiusmodi
1713 3680 1817 3752 bonis,
1831 3679 1966 3751 iuribus,
1980 3679 2075 3740 actio·

1327 3781 1432 3853 uibus,
1456 3777 1625 3850 lructibus,
1643 3773 1797 3853 pecuniis,
1818 3773 1971 3836 localibus
1992 3771 2074 3834 aliis-

1328 3889 1392 3952 que
1414 3873 1511 3935 rebus
1533 3869 1852 3948 supradictisetiam
1875 3868 1906 3928 in
1929 3866 2073 3929 lavorem

1326 3963 1641 4042 consanguineorum
1671 3969 1703 4024 et
1730 3963 1872 4025 aliinium
1899 3961 2073 4039 praedicto-

1326 4077 1417 4134 rum,
1442 4075 1476 4122 ac
1503 4057 1578 4120 alias
1607 4055 1851 4134 quomodolibet
1878 4073 1894 4118 a
1923 4061 1954 4116 te
1982 4055 2071 4126 lacta,

1326 4171 1398 4217 curn
1422 4152 1571 4218 omnibns
1603 4151 1677 4213 inde
1699 4150 1828 4222 secutis
1851 4165 1885 4210 ac
1907 4147 2001 4212 etiarn
2025 4165 2071 4222 ea,

1326 4265 1406 4326 qnae
1428 4265 1486 4327 per
1510 4255 1542 4310 te
1565 4246 1597 4307 in
1620 4244 1767 4307 iutnrnm
1789 4245 1868 4308 tlent
1896 4243 2073 4320 quomodo-

1325 4342 1413 4414 libet,
1437 4358 1477 4404 ex
1500 4357 1586 4404 nunc
1619 4345 1713 4418 prout
1733 4353 1774 4399 ex
1797 4345 1882 4410 tunc,
1907 4347 1939 4399 et
1959 4353 1977 4398 e
1999 4353 2072 4399 con-

1327 4441 1383 4506 tra,
1400 4435 1612 4514 approbamus
1636 4439 1668 4496 et
1689 4432 1927 4502 confirmamus,
1946 4446 2073 4493 omnes-

1325 4543 1387 4605 que
1410 4534 1442 4590 et
1462 4527 1604 4605 singulas
1625 4527 1704 4588 iuris
1727 4533 1759 4587 et
1779 4525 1852 4587 laeti
1872 4540 1907 4586 ac
1921 4524 2072 4586 solemni-

1324 4629 1424 4684 tatum
1451 4624 1641 4684 omissarum
1664 4626 1696 4682 et
1724 4618 1989 4690 amittendarum,
2013 4632 2073 4680 nec

1324 4731 1389 4778 nnn
1410 4715 1633 4778 substantiales
1654 4713 1797 4790 aliosque
1819 4712 1963 4775 deiectus
1978 4726 2071 4788 qnos-

1324 4824 1474 4886 cumque,
1499 4809 1524 4869 si
1547 4809 1602 4886 qui
1622 4807 1861 4869 intervenerint
1882 4805 1914 4867 in
1937 4805 2069 4876 iisdem,

1324 4903 1448 4965 etiamsi
1471 4900 1549 4963 tales
1570 4901 1632 4962 sint
1654 4899 1708 4960 vel
1731 4899 1863 4970 inerint,
1887 4899 1972 4977 quod
2002 4914 2070 4976 spe-

1324 4996 1409 5058 cialis
1424 5001 1457 5057 et
1470 4994 1615 5073 specifica
1630 4994 1669 5056 de
1684 4991 1771 5055 illius
1790 4993 1911 5054 mentio
1927 4992 2070 5054 habenda

1324 5088 1545 5168 praesentibus
1562 5096 1655 5160 esset,
1672 5087 1876 5166 supplemus:
1898 5086 2070 5148 districtius

1323 5183 1506 5246 inhibentes
1518 5180 2070 5260 quibusvislrcbiepiscopisetlipi·

1322 5277 1433 5355 scopis,
1458 5283 1491 5340 et
1511 5276 1579 5338 aliis
1602 5275 1811 5339 ecclesiarum
1833 5275 1993 5348 Praelatis,
2012 5289 2070 5336 nec

1323 5387 1387 5432 nnn
1410 5369 1546 5432 labricae
1568 5368 1712 5431 basilicae
1734 5369 1887 5447 Principis
1903 5367 2070 5447 Apostolo-

1322 5481 1396 5526 rum
1420 5464 1458 5527 de
1480 5463 1577 5536 Urbe,
1595 5463 1690 5526 etiam
1713 5462 1876 5526 Cruciatae
1892 5462 2023 5526 Sanctae
2039 5472 2070 5526 et

1322 5559 1389 5621 aliis
1418 5558 1644 5622 collectoribus
1666 5565 1698 5620 et
1726 5556 2013 5620 subcollectoribns
2036 5575 2069 5619 ac

1322 5651 1390 5714 aliis
1412 5653 1644 5730 cuiuscumque
1659 5651 1821 5729 dignitatis
1836 5659 1868 5714 et
1879 5651 2069 5714 conditionis

1323 5746 1535 5810 existentibus
1558 5753 1590 5808 et
1612 5746 1724 5824 quavis
1752 5747 1939 5808 auctoritate
1961 5753 1993 5806 et
2016 5761 2069 5822 po-

1324 5848 1436 5904 testate
1450 5840 1673 5917 lungentibus,
1690 5857 1731 5902 ne
1749 5839 1989 5912 universitates,
2006 5837 2068 5900 col-

1323 5935 1406 6012 legia
1427 5941 1461 5998 et
1485 5933 1568 6009 loca,
1591 5934 1778 6011 legatarios,
1801 5933 1974 6008 haeredes,
1997 5947 2068 6011 per-

2118 542 2170 598 An.
2184 543 2212 600 G.
2226 545 2289 605 llis
