4756 6994
835 597 1047 645 tumoedurttts
1069 595 1119 642 1³1¹.
1144 597 1214 643 ltttt.

250 723 485 796 contempsere,
509 725 543 780 ut
559 719 591 781 iu
607 719 654 781 tui
670 727 702 782 et
716 719 910 798 populorum
928 724 996 779 tuo-

249 826 321 872 rum
351 810 554 888 obsequium,
579 814 614 874 ad
638 813 809 876 curandam
833 819 995 874 aeternam

248 904 426 966 animarum
442 905 591 978 salutem,
605 913 740 968 aetatem
753 911 994 976 consumerent,

248 997 333 1058 vires
364 998 587 1072 exhaurirent,
611 1017 645 1062 ac
667 1001 764 1062 vitam
787 1001 898 1077 ipsam,
923 1016 994 1060 curn

249 1090 332 1153 toret
354 1107 496 1165 necesse,
527 1093 773 1170 profunderent,
797 1111 852 1156 eos
881 1095 997 1156 habeto

248 1185 362 1246 eodem
396 1185 477 1258 loco,
507 1201 572 1263 quo
601 1203 658 1248 nos
688 1187 807 1249 trabere
837 1187 996 1250 vellemus

247 1277 388 1354 aliquem
416 1295 456 1341 er
481 1282 553 1352 tuis,
577 1280 602 1342 si
624 1281 710 1344 burm
732 1281 816 1344 lorte
840 1289 891 1344 tua
912 1283 997 1344 iussa

247 1387 394 1433 romanas
416 1388 469 1435 res
491 1381 523 1436 et
544 1375 644 1436 divini
666 1375 772 1436 cultus
797 1377 995 1438 maiestatem

245 1465 280 1527 in
311 1482 382 1540 arce
410 1467 485 1528 fidei
517 1469 810 1547 contemplatarum
845 1471 881 1531 ad
918 1471 998 1532 banc

246 1559 351 1621 aulam
380 1568 523 1624 nostram
552 1563 759 1624 adducerent.
791 1564 836 1625 Eu
867 1570 914 1626 tot
935 1565 998 1626 tuis

246 1655 409 1732 praeclare
432 1656 530 1732 gestis
545 1657 672 1719 nullum
688 1665 737 1719 est
752 1665 804 1720 tua
819 1658 851 1719 in
868 1665 997 1720 exteros

247 1748 457 1826 benignitate,
488 1750 525 1812 ad
552 1751 692 1812 nominis
718 1766 842 1828 quaqua
864 1766 997 1814 versum

245 1842 573 1914 commendationem,
588 1843 758 1918 illustrius3
776 1845 901 1906 nullum
918 1859 998 1906 vero

246 1951 331 1996 nova
359 1936 416 1998 bac
444 1938 625 2010 clementia,
657 1954 698 2000 ex
725 1953 786 2015 qua
814 1937 997 2000 innumera·

246 2027 362 2090 biliam
384 2029 452 2092 iere
468 2031 638 2093 bominum
653 2032 850 2110 sempiterna
866 2032 997 2108 lelicitas

247 2123 378 2200 pendet,
396 2125 573 2200 posteritati
585 2125 769 2188 diuturnius
781 2143 901 2189 nomen
913 2144 997 2190 com-

246 2217 414 2280 mendabit
434 2224 538 2280 tuum.
556 2219 639 2282 Haec
654 2221 763 2282 eadem
781 2221 921 2298 denique
936 2221 998 2283 cle·

246 2311 370 2373 mentia
385 2311 546 2374 bonorum
562 2313 707 2376 omnium
720 2313 842 2375 iontem
855 2313 912 2376 tibi
924 2330 998 2375 con-

245 2404 368 2467 ciliabit
389 2407 645 2484 omnipotentem
669 2407 781 2478 Deum,
799 2407 889 2470 cuius
904 2407 999 2470 uber-

245 2499 341 2560 rimis
376 2499 554 2562 illustratus
591 2500 767 2562 luminibus
798 2501 835 2564 ad
871 2501 997 2580 plenam

247 2599 281 2654 et
304 2593 481 2655 absolutam
503 2594 647 2656 veritatis
669 2595 866 2672 agnitionem
886 2611 999 2674 perve-

246 2686 328 2759 nias,
351 2687 516 2765 perpotuis
539 2689 707 2766 enixisque
729 2689 878 2767 precibus
893 2690 998 2752 eidem

244 2779 428 2858 supplicare
449 2783 585 2843 minime
606 2781 809 2845 desistemus.

288 2875 404 2936 Datum
426 2874 563 2947 Romae,
594 2876 676 2954 apud
699 2875 730 2940 S.
756 2876 883 2938 llariam
907 2877 1000 2938 blaio-

245 2985 332 3042 rem,
349 2969 409 3030 sub
423 2969 541 3032 annulo
558 2969 735 3042 PiscatoriS,
753 2971 804 3032 die
820 2986 935 3032 rxxur.
952 2988 1001 3033 se-

246 3061 406 3140 ptembris
422 3079 616 3134 uocarunt,
635 3063 749 3142 pontii.
767 3066 868 3126 nostri
883 3081 933 3126 an.
950 3081 999 3127 ur.

606 3533 643 3596 V.

249 3717 419 3782 Enarrata
453 3717 671 3782 Romanorum
702 3718 892 3800 Imperatori
922 3739 1004 3784 aava

290 3811 403 3880 edicta,
424 3827 483 3890 qao
505 3810 683 3873 sacerdotes
704 3811 838 3876 Hiberni
861 3812 902 3875 ad
924 3813 1003 3875 dete·

290 3905 406 3970 stabile
425 3907 656 3970 iasiaroadam
672 3907 851 3988 adipemur
865 3907 923 3972 sab
938 3909 1003 3972 cai·

291 4001 330 4064 iii
349 4017 463 4082 pacato,
481 4008 539 4064 arat
558 4001 655 4064 etiam
670 4001 797 4082 capitis,
815 4003 880 4064 nisi
893 4002 1003 4065 statim

292 4097 460 4159 exalatam
483 4094 610 4165 mearat,
627 4101 657 4158 et
671 4095 763 4159 laicis
778 4097 940 4178 infligitur
955 4095 1005 4160 aa·

293 4207 411 4252 aarum
432 4191 563 4253 iactare
583 4190 612 4252 si
633 4191 704 4252 iiior
726 4189 860 4270 bospitio
881 4208 1005 4271 acccepe-

292 4285 373 4352 rirat,
386 4285 454 4346 aias
462 4283 661 4364 praesidium
670 4283 760 4363 petit,
774 4301 813 4344 aaa
824 4301 844 4345 rc
855 4300 1005 4365 suprema

292 4379 386 4456 repeti
417 4377 512 4440 caria
540 4376 677 4438 edictam
704 4376 785 4438 iiircd
810 4381 921 4439 ratam
949 4377 1005 4440 lta-

293 4469 407 4535 beator
427 4469 484 4551 (l).

250 4655 1004 4725 cwwmmffimwmmmmmb

295 4751 503 4836 Hispaniarum
536 4749 702 4830 catholica,
735 4767 854 4818 necnon
886 4751 1005 4836 ilunga-

295 4847 359 4912 riae
382 4851 414 4912 et
435 4843 599 4911 Bobeniae
623 4847 686 4928 regi
717 4844 824 4911 illustri
848 4846 875 4911 iu
899 4843 1006 4912 Roma-

296 4937 774 5023 wmmwmmmmm

410 5125 667 5196 tunocfidtttts
692 5128 754 5194 ΡΡ.
778 5126 849 5194 ΧΙΙΙ.

336 5314 521 5394 charissime
545 5317 571 5382 in
593 5314 713 5382 cbristo
736 5315 779 5382 iili
804 5321 924 5394 noster,

289 5409 418 5476 salutem
443 5414 475 5474 et
495 5409 695 5493 apostolicam
721 5409 970 5476 benedictionem.

297 5599 436 5662 Perculit
457 5599 601 5661 animum
628 5605 777 5662 nostrum
806 5599 1006 5675 gravissima-

254 5709 320 5770 que
341 5693 489 5772 implerit
516 5692 730 5754 amaritudine
756 5692 901 5754 luctuosa
928 5692 1006 5754 cala-

254 5787 360 5860 mitas,
384 5788 416 5849 in
439 5802 500 5866 qua
529 5787 648 5850 iterum
677 5787 799 5849 versari
827 5785 1007 5848 audivimus

298 5999 327 6055 (l)
344 5999 381 6042 Ex
396 5997 488 6043 eodem
504 5999 568 6054 Rag.
583 6001 639 6044 vat.
656 5999 699 6045 sol.
713 6000 761 6044 263.

1053 715 1226 777 catholicae
1249 715 1323 778 iudei
1345 715 1485 778 cultores
1507 717 1665 780 ininsula
1693 719 1804 782 lliber-

1054 807 1123 870 niae
1147 824 1185 869 ex
1209 809 1284 870 novi
1307 810 1471 872 cuiusdam
1499 811 1592 874 edicti
1621 812 1804 891 promulga-

1054 900 1152 971 tione,
1177 916 1240 978 quo
1262 902 1341 964 illud
1357 903 1547 976 intenditur,
1566 913 1602 967 ut
1616 908 1804 968 auctoritate

1053 993 1178 1072 publica
1201 996 1399 1059 orthodoxae
1421 997 1587 1074 religionis
1614 999 1749 1076 vestigia
1773 1007 1805 1062 et

1053 1087 1158 1165 ipsum
1196 1097 1413 1152 sacrosanctae
1448 1091 1608 1154 Romanae
1643 1093 1804 1156 Ecclesiae

1054 1197 1171 1244 nomen
1195 1183 1227 1244 in
1243 1199 1288 1254 ea,
1306 1198 1387 1260 quae
1402 1185 1592 1263 iampridem
1612 1185 1802 1250 Sanctorum

1053 1275 1156 1337 insula
1188 1277 1362 1350 dicebatur,
1394 1295 1479 1342 nuuc
1510 1280 1642 1342 demunt
1675 1283 1804 1359 penitus

1053 1368 1252 1432 aboleantur.
1276 1371 1311 1432 ln
1333 1388 1372 1433 eo
1394 1373 1553 1450 siquidem
1577 1375 1612 1436 ad
1643 1383 1803 1453 praestan-

1054 1463 1130 1524 dum
1152 1464 1341 1527 detestabile
1363 1474 1458 1544 atque
1487 1484 1621 1531 enorme
1649 1470 1803 1532 iusiuran-

1054 1558 1142 1629 dum,
1166 1558 1240 1620 alias
1262 1559 1376 1637 elapsis
1399 1576 1529 1638 quoque
1550 1563 1641 1624 aunis
1669 1565 1707 1625 ab
1739 1581 1803 1626 aaa·

1054 1653 1173 1714 tholico
1206 1653 1395 1729 magistratu
1426 1657 1638 1734 propositum,
1673 1659 1715 1720 ita
1741 1659 1803 1720 adi-

1054 1753 1176 1822 guntur
1197 1754 1357 1825 quotquot
1379 1755 1455 1810 sunt
1476 1765 1515 1810 ex
1532 1751 1644 1813 ordine
1659 1753 1804 1815 sacerdo-

1055 1841 1118 1913 tali,
1142 1848 1179 1904 ιιι
1199 1841 1236 1914 si,
1261 1843 1533 1918 quemadmodum
1565 1845 1664 1922 pietas
1694 1855 1726 1908 ot
1754 1863 1803 1908 re-

1054 1935 1131 2012 ligio
1154 1935 1326 2012 postulant,
1350 1937 1380 1997 id
1410 1937 1513 1998 lacere
1541 1939 1802 2012 detrectaverint,

1054 2028 1141 2090 exilii
1165 2045 1282 2106 poenas
1305 2029 1405 2102 luant,
1430 2038 1462 2092 et
1477 2031 1616 2094 damnati
1632 2035 1732 2111 capite
1753 2035 1805 2096 de·

1054 2123 1251 2186 nuncientur
1272 2123 1334 2186 nisi
1356 2125 1463 2186 statim
1486 2125 1651 2189 exulatum
1675 2128 1803 2212 abeaut3

1054 2216 1140 2278 laicis
1161 2231 1251 2289 vero,
1276 2217 1331 2294 qui
1359 2219 1412 2280 vel
1441 2235 1538 2281 unam
1568 2227 1690 2282 tautum
1720 2223 1805 2285 diem

1055 2309 1092 2370 iis
1115 2309 1301 2387 perlugium
1323 2313 1464 2390 pararint
1486 2329 1582 2376 eosve
1604 2316 1686 2394 apud
1706 2333 1740 2378 se
1756 2333 1806 2380 re·

1055 2405 1210 2482 ceperint.
1245 2405 1406 2467 bonorum
1441 2408 1586 2470 omnium
1619 2409 1738 2472 iactura
1774 2419 1807 2474 et

1055 2498 1226 2576 publicatio
1248 2499 1410 2562 indicitur.
1435 2499 1571 2563 Nelariis
1594 2518 1691 2581 porro
1718 2505 1806 2568 bisce

1055 2595 1175 2672 coeptis
1191 2592 1317 2656 divinae
1333 2609 1435 2671 aeque
1450 2613 1485 2656 ac
1500 2595 1639 2658 humana
1655 2598 1725 2661 iura
1740 2600 1807 2662 vio-

1055 2688 1173 2758 lantur,
1198 2695 1230 2749 et
1253 2688 1488 2751 Limbricenses
1510 2691 1672 2766 pactiones
1693 2693 1806 2756 inirin-

1057 2792 1189 2862 guntur,
1203 2789 1298 2861 prout
1312 2799 1386 2845 ven.
1404 2783 1503 2845 irater
1518 2783 1733 2864 Hieronymus
1749 2788 1806 2850 Ar-

1056 2879 1277 2958 clriepiscopus
1299 2877 1436 2940 Edessae
1452 2877 1483 2940 S.
1499 2877 1594 2940 buius
1613 2879 1702 2942 Sedis
1724 2883 1805 2960 apud

1056 2975 1255 3034 maiestatem
1276 2978 1361 3032 tuam
1374 2969 1517 3034 Nuncius
1532 2973 1634 3036 insius
1654 2984 1804 3052 exponet.

1056 3065 1271 3141 Quamobrem
1294 3081 1352 3126 nos
1374 3065 1507 3126 immani
1535 3065 1630 3128 buius
1658 3083 1805 3146 persecu-

1057 3161 1153 3223 tionis
1168 3159 1340 3222 acerbitate
1354 3158 1569 3222 vehementer
1585 3163 1750 3236 commoti,
1767 3180 1806 3225 ex

1057 3253 1259 3334 Apostolatus
1273 3252 1375 3315 nostri
1391 3253 1498 3316 debito
1513 3256 1741 3333 compellimur
1754 3273 1807 3336 op-

1057 3355 1228 3427 portunam
1241 3346 1305 3409 illis
1318 3362 1411 3424 opem
1425 3364 1458 3409 ac
1470 3347 1619 3411 levamen
1631 3349 1669 3411 ab
1683 3352 1807 3414 excelsa

1057 3442 1306 3504 christianorum
1319 3440 1501 3520 principum
1512 3441 1654 3506 bonitate
1669 3447 1808 3523 paternis

1056 3536 1189 3598 vocibus
1211 3534 1396 3613 implorare.
1421 3533 1521 3597 Sicuti
1542 3544 1648 3599 autem
1672 3555 1737 3600 uon
1753 3540 1809 3604 du·

1058 3630 1196 3692 bitamus
1219 3629 1297 3706 quin
1319 3629 1455 3706 insignis
1478 3636 1510 3692 et
1531 3631 1613 3692 avita
1635 3634 1808 3695 maiestatis

1059 3731 1131 3786 tuae
1153 3722 1251 3800 pietas
1273 3722 1360 3783 ultro
1382 3729 1486 3800 parata
1508 3724 1549 3785 sit
1570 3741 1683 3787 eorum
1709 3734 1809 3804 patro-

1058 3818 1178 3880 ciuium
1200 3816 1375 3893 suscipere,
1399 3817 1440 3878 ita
1463 3819 1722 3894 praetermittere
1745 3837 1809 3882 nan

1060 3927 1240 3991 possumus,
1265 3911 1343 3987 quin
1368 3917 1397 3972 te
1420 3911 1514 3973 etiam
1537 3919 1632 3989 atque
1648 3914 1742 3976 etiam
1759 3931 1810 3977 ro-

1061 4021 1185 4082 gemus,
1210 4011 1246 4066 ut
1267 4003 1405 4082 inclytae
1427 4005 1623 4067 auctoritatis
1653 4009 1810 4084 praesidio
1837 4029 1842 4034 ·

1060 4116 1075 4159 a
1098 4097 1257 4176 praesenti
1280 4097 1466 4159 discrimine
1481 4099 1612 4160 eosdem
1629 4100 1811 4164 liberandos

1060 4207 1164 4254 cures.
1188 4189 1394 4253 obtestamur
1415 4191 1522 4267 itaque
1545 4200 1577 4254 et
1605 4193 1810 4258 obsecramus

1061 4285 1221 4362 insignem
1235 4291 1326 4344 tuum
1340 4283 1506 4360 religionis
1523 4285 1642 4357 zelum,
1660 4292 1697 4348 at
1712 4288 1811 4368 diqaa

1064 4377 1222 4441 Ecclesiae
1244 4376 1404 4440 Adaacota
1436 4378 1595 4442 alacritate
1627 4381 1682 4442 des
1715 4397 1810 4458 quam

1061 4471 1231 4536 celerrime
1253 4471 1286 4532 in
1308 4472 1464 4533 mandatis
1488 4479 1543 4536 tuo
1564 4475 1646 4551 apud
1675 4474 1812 4538 Londini

1060 4567 1164 4630 aulam
1181 4566 1311 4637 oratori,
1324 4566 1379 4642 qui
1395 4565 1483 4627 omui
1496 4567 1674 4629 officiorum
1691 4585 1812 4645 genere

1060 4668 1141 4737 agat,
1166 4675 1207 4722 ne
1229 4675 1324 4737 supra
1347 4661 1550 4722 enunciatum
1568 4661 1708 4724 edictum
1730 4681 1812 4727 asu·

1061 4770 1171 4832 prema
1193 4753 1286 4830 regni
1308 4753 1394 4815 illias
1415 4754 1502 4815 curia
1524 4761 1628 4816 ratum
1645 4756 1811 4830 habeatur,

1060 4849 1114 4909 sed
1136 4856 1331 4911 retractetur
1353 4849 1458 4926 potius
1473 4855 1505 4908 et
1519 4848 1728 4910 rescindatur.
1743 4851 1813 4913 Erit

1061 4941 1091 5002 id
1114 4941 1246 5018 quidem
1269 4941 1337 5013 tibi,
1360 4942 1523 5004 carissime
1552 4941 1584 5002 in
1611 4941 1740 5006 Christo
1767 4945 1812 5006 iili

1062 5041 1183 5108 noster,
1197 5036 1357 5096 immenso
1369 5035 1450 5112 apud
1463 5035 1665 5099 ditissimum
1681 5039 1810 5110 merito,

1061 5129 1152 5190 cuius
1169 5145 1293 5191 oausam
1311 5135 1429 5190 tutatus
1445 5128 1557 5202 tueris,
1575 5143 1607 5192 et
1623 5149 1639 5192 a
1654 5147 1718 5208 quo
1735 5133 1813 5194 ube-

1061 5238 1130 5284 reru
1160 5222 1353 5300 perenuium
1386 5222 1648 5286 benedictionum
1678 5227 1812 5302 gratiam

1062 5317 1218 5378 maiestati
1240 5323 1312 5378 tuae
1334 5316 1428 5378 enixe
1444 5333 1625 5394 precamur,
1644 5327 1675 5380 et
1689 5327 1813 5396 aposto·

1061 5411 1153 5473 licam
1170 5417 1313 5473 nostram
1325 5427 1396 5473 cum
1411 5411 1554 5474 assiduae
1565 5412 1724 5476 felicitatis
1737 5422 1813 5476 voto

1061 5506 1263 5567 coniunctam
1286 5505 1503 5568 amantissime
1526 5505 1743 5586 impertimur.

1102 5598 1216 5660 Datum
1238 5599 1367 5670 Romae,
1390 5598 1473 5677 apud
1496 5598 1528 5662 S.
1563 5601 1690 5662 llariam
1721 5601 1813 5664 llaio-

1063 5708 1145 5764 rem,
1169 5692 1229 5754 sub
1251 5692 1370 5754 annulo
1386 5694 1563 5766 Piscatoris,
1585 5695 1636 5756 die
1651 5711 1743 5756 xvur.
1761 5697 1813 5758 de-

1063 5787 1202 5848 cembris
1218 5803 1413 5860 abcessus,
1428 5789 1541 5866 pontii.
1556 5789 1656 5852 nostri
1668 5805 1751 5852 anuo
1763 5806 1811 5850 ru.

1729 584 1785 647 {03
1841 579 1894 638 Au.
1907 581 1935 640 G.
1950 581 2018 640 {725
