4814 6998
872 599 1063 646 ERAGTATUS
1085 599 1141 644 SEU
1163 599 1377 646 conconbnrn

348 714 490 792 itemque
516 715 669 794 promitto
692 730 744 777 me
766 715 846 778 nulli
873 716 1093 795 propositioni,
1124 715 1126 749 ¹

346 809 414 870 sive
442 825 595 888 persona,
618 809 687 870 sive
717 809 866 880 consilio,
896 809 1093 878 adiuturum,
1124 842 1126 897 p

346 917 427 980 quae
453 903 588 964 nationis
618 903 901 980 independentiae,
933 902 985 963 vel
1012 907 1095 962 tran-
1124 900 1126 941 ²

347 996 496 1074 quillitati
520 996 664 1074 publicae
687 1004 843 1058 noceat».
1124 964 1126 1041 Ι
1193 996 1347 1058 Sanctitas
1357 996 1429 1068 Sua,
1442 998 1595 1060 Summus
1608 997 1754 1058 Pontiien
1765 996 1837 1058 Pius
1849 995 1901 1067 111,

347 1153 348 1156 ,
386 1093 404 1164 ἓ
432 1089 481 1151 El.
513 1090 586 1152 Post
615 1090 721 1152 divina
754 1089 852 1152 3111313
884 1092 915 1150 in
945 1089 1095 1150 omnibus
1124 1102 1126 1129 ¹
1152 1099 1185 1153 et
1214 1091 1342 1152 Praeses
1372 1090 1574 1168 Reipublicae
1606 1089 1838 1152 Costaricensis
1870 1090 1901 1151 in

347 1183 543 1246 Guatinralae
573 1183 700 1262 templis
734 1183 779 1244 sic
811 1183 969 1244 orabitur:
1003 1183 1096 1244 ‹llo—
1124 1146 1228 1246 13333
1257 1185 1436 1262 respective
1469 1184 1769 1260 Plenipotentiarios
1801 1183 1903 1244 nomi-

348 1279 445 1350 mine,
460 1277 580 1338 salvatri
603 1276 650 1338 lac
670 1275 929 1354 Rempublicaru:
948 1276 1094 1346 Domine,
1154 1287 1289 1348 narunt,
1503 1273 1505 1279 ’

346 1371 471 1434 salvum
495 1370 542 1431 133
563 1370 743 1431 Praesidem
768 1373 837 1431 eius
852 1387 882 1430 ».
1194 1369 1347 1432 Sanctitas
1377 1369 1439 1432 Sua
1465 1371 1581 1432 limum
1610 1371 1646 1433 D.
1671 1370 1903 1434 1333331313-

387 1465 475 1540 §ab
500 1463 654 1526 Sanctitas
677 1463 738 1525 Sua
767 1463 970 1541 Reipublicae
992 1464 1096 1526 113311-
1153 1465 1277 1535 1333111,
1306 1465 1337 1526 S.
1366 1464 1400 1526 R.
1429 1465 1465 1526 E.
1496 1465 1697 1527 Cardinalem
1730 1466 1901 1527 Diaconum

348 1557 447 1620 malae
467 1558 664 1619 exercitibus
681 1559 904 1636 exemptiones
927 1565 959 1618 et
980 1559 1097 1634 gratias
1154 1559 1284 1622 Sanctae
1300 1559 1440 1634 hgathae
1463 1561 1498 1620 ad
1523 1559 1711 1632 Sodomam,
1735 1575 1829 1621 suurn
1847 1561 1904 1620 mi-

346 1652 503 1723 concedit,
517 1667 598 1728 quae
614 1651 673 1714 sub
690 1651 832 1728 generali
849 1651 1095 1730 privilegiorum
1154 1653 1290 1714 nistrum
1314 1669 1329 1712 a
1353 1653 1486 1730 publicis
1510 1653 1666 1730 negotiis,
1690 1661 1722 1714 et
1743 1653 1905 1732 Reipubli-

347 1743 567 1808 Castrensium
584 1747 714 1807 nemine
729 1751 1096 1822 cognoscuntur·;atque
1153 1762 1206 1808 cae
1240 1747 1368 1808 Praeses
1398 1745 1705 1808 excellentissimum
1737 1747 1904 1808 dominum

347 1839 458 1900 eadem
476 1837 629 1900 Sanctitas
645 1837 707 1900 Sua
729 1839 872 1916 singulas
893 1838 961 1899 sive
982 1839 1097 1914 gratias
1155 1839 1390 1901 Ferdinandum
1415 1838 1610 1908 Lorenzana,
1629 1839 1846 1901 marchionem
1865 1841 1904 1901 de

347 1933 415 1994 sive
431 1933 665 2011 exemptiones,
683 1948 760 2009 quas
784 1932 846 1994 erit
861 1932 1026 2009 largitura,
1044 1934 1097 1994 de·
1155 1931 1333 2004 Belmonte‚
1361 1933 1503 2008 equitem
1526 1930 1652 1994 Ordinis
1675 1931 1904 2010 hierosolymi-

349 2026 533 2088 terminabit
562 2041 620 2103 per
641 2026 828 2104 apostolicas
859 2025 992 2098 litteras,
1016 2042 1097 2104 quae
1156 2027 1219 2086 tani
1251 2044 1267 2086 a
1294 2025 1325 2088 S.
1362 2024 1536 2104 Sepulcro‚
1572 2027 1714 2101 equitem
1746 2043 1763 2086 a
1795 2025 1905 2102 Magna

348 2120 572 2197 expedientur,
589 2137 662 2182 cum
679 2136 830 2198 praesens
853 2121 1025 2182 conventio
1042 2136 1097 2198 pu·
1155 2119 1268 2192 Cruce,
1286 2121 1428 2196 itemque
1445 2118 1641 2195 Torquatum
1662 2118 1816 2181 Francisci
1840 2118 1904 2179 Pri·

348 2211 528 2276 blicabitur.
1155 2214 1198 2274 mi
1214 2213 1412 2291 Neapolitani
1436 2219 1467 2274 et
1482 2212 1715 2275 hilministrum
1731 2229 1804 2273 curn
1827 2211 1904 2274 libe-

387 2305 476 2382 §ab
500 2307 633 2384 Reliqua
650 2311 755 2371 nrnnia
777 2311 813 2372 ad
838 2325 888 2372 res
912 2327 968 2372 seu
990 2325 1097 2386 perso·
1155 2307 1198 2368 ris
1220 2307 1375 2368 mandatis
1404 2308 1484 2384 apud
1509 2306 1653 2368 Sanctam
1684 2305 1799 2368 Sedem
1823 2305 1905 2384 hpo—

348 2416 402 2462 nas
418 2401 645 2464 ecclesiasticas
666 2403 850 2480 spectantia,
869 2404 908 2465 de
931 2403 1047 2479 quibus
1064 2403 1097 2465 in
1155 2400 1311 2462 stolicam.
1327 2400 1397 2474 Qui,
1415 2407 1485 2478 post
1508 2407 1621 2462 mutuo
1644 2401 1757 2462 tradita
1778 2416 1905 2478 respec-

349 2495 434 2556 hisce
464 2495 605 2557 articulis
638 2496 726 2559 nulla
757 2497 860 2558 habita
887 2497 1010 2560 mentio
1036 2505 1095 2568 est,
1157 2493 1238 2554 tivae
1261 2491 1511 2572 plenipotentiae
1539 2495 1766 2565 instrumenta,
1789 2493 1828 2556 de
1852 2493 1903 2564 iis,

1362 742 1395 804 ln
1418 742 1556 805 Nomine
1579 741 1697 804 SSrhae

1306 843 1339 898 et
1362 837 1545 898 individuae
1573 837 1746 899 Trinitatis.

348 2595 445 2649 erunt
466 2590 598 2651 omnino
614 2590 780 2667 dirigenda
797 2598 828 2653 et
849 2591 1096 2654 administranda

347 2681 435 2744 iuxta
457 2683 621 2758 vigentem
645 2681 805 2746 Ecclesiae
828 2685 1009 2747 Catholicae
1039 2684 1097 2746 Ro-

349 2791 459 2837 manae
481 2776 691 2853 disciplinam.

388 2869 483 2944 527.
516 2870 576 2932 Per
613 2878 816 2948 praesentem
848 2873 1095 2934 conventionem

349 2963 449 3040 leges,
473 2965 702 3038 ordinationes,
726 2967 852 3028 decreta
881 2967 913 3028 in
936 2965 1098 3042 Reipubli-

348 3073 402 3118 cae
423 3056 617 3120 Guatimalae
633 3073 837 3135 quocumque
854 3060 948 3121 modo
971 3065 1003 3120 et
1018 3066 1098 3120 tem-

348 3165 426 3227 pore
449 3151 614 3238 hucusque
637 3152 707 3222 lata,
724 3152 757 3212 in
780 3160 936 3229 quantum
959 3167 1097 3213 conven-

348 3244 427 3306 tioni
443 3245 548 3306 eidem
565 3247 786 3318 adversantur,
800 3247 950 3322 abrogata
966 3247 1098 3308 omnino

348 3345 540 3415 censentur;
565 3347 659 3416 atque
674 3342 786 3402 eadem
808 3343 981 3402 conventio
996 3339 1096 3404 veluti

348 3432 401 3496 lex
422 3441 523 3496 status
545 3435 577 3494 in
604 3434 749 3496 iuturum
774 3451 871 3496 omne
897 3442 1024 3512 tempus
1047 3450 1098 3495 va-

348 3527 444 3589 litura
466 3528 647 3590 habebitur.

389 3620 477 3696 528.
501 3621 735 3684 Ratitlcationes
758 3623 935 3699 praesentis
958 3637 1097 3684 conven-

350 3714 444 3776 tionis
467 3722 580 3778 mutuo
603 3717 770 3777 tradentur
792 3715 909 3776 Romae
932 3715 1045 3776 decem
1067 3722 1099 3776 et

349 3817 420 3872 octo
442 3809 603 3872 meusium
627 3809 744 3887 spatio,
769 3817 822 3870 aut
843 3809 948 3880 citius,
973 3809 999 3868 si
1029 3809 1098 3870 iteri

353 3904 478 3982 poterit.

387 3999 406 4073 ἓ
427 3995 476 4058 ab.
495 3995 608 4062 Statim
623 4015 657 4059 ac
674 3996 853 4074 praedictae
874 3996 1099 4058 ratificationes

349 4097 463 4152 mutuo
485 4091 616 4152 traditae
639 4089 771 4161 luerint,
789 4090 942 4153 Sanctitas
959 4088 1021 4152 Sua
1043 4105 1099 4167 per

349 4183 536 4261 apostolicas
568 4183 691 4246 litteras
723 4192 926 4262 praesentem
960 4199 1099 4245 conven-

349 4276 470 4338 tionem
507 4277 718 4340 confirmabit.
756 4278 790 4340 ln
826 4292 965 4354 quorum
1002 4277 1099 4338 fidem

349 4370 481 4447 praelati
519 4371 793 4450 Plenipotentiarii
830 4371 989 4449 praesenti
1026 4387 1099 4432 con·

351 4465 495 4528 ventioni
532 4467 812 4544 subscripserunt,
851 4465 1004 4542 illamque
1040 4481 1099 4526 suo

350 4559 487 4635 quisque
510 4559 618 4636 sigillo
640 4559 831 4636 obsignavit.

389 4650 504 4712 llotum
527 4651 657 4724 Romae,
685 4652 737 4714 die
759 4669 803 4712 vu
830 4659 891 4714 oct.
915 4667 1077 4712 uncccuu.

410 4796 675 4878 mmffiffiffih

504 4947 641 5010 1333333
661 4947 754 5009 dard.
773 4947 951 5008 huronnuur

563 5095 789 5158 Rerdinandua
810 5095 847 5156 de
869 5094 1071 5158 lorenzana.

648 5271 842 5278 --——-.-—-—-

700 5408 751 5470 hl.

496 5597 666 5660 moenio
688 5598 774 5658 333
801 5577 896 5658 rcum
919 5595 961 5657 nr

1155 2601 1236 2663 quae
1258 2595 1453 2664 sequuntur,
1476 2595 1712 2650 convenerunt.

1195 2683 1213 2756 ἓ
1238 2683 1263 2742 l.
1289 2681 1413 2758 Religio
1436 2681 1607 2752 Gatltolica,
1631 2681 1822 2759 Apostolica,
1846 2681 1905 2742 Ro-

1156 2792 1246 2838 mana
1276 2789 1325 2838 est
1355 2777 1471 2853 religio
1503 2775 1609 2838 Status
1635 2777 1667 2839 in
1691 2775 1904 2838 Costaricensi

1155 2867 1341 2946 Republica,
1372 2879 1466 2946 atque
1495 2870 1572 2932 inibi
1601 2877 1683 2932 sarta
1714 2878 1793 2932 13313
1822 2887 1904 2932 seru-

1156 2979 1212 3040 per
1234 2963 1478 3026 conservabitur
1506 2981 1579 3026 cum
1609 2964 1758 3026 omnibus
1780 2964 1905 3026 iuribus
1945 2955 1947 2958 ’

1155 3065 1187 3118 31
1208 3058 1456 3134 praerogativis,
1487 3057 1604 3134 quibus
1631 3074 1670 3119 ex
1699 3058 1756 3119 llei
1778 3057 1851 3133 lege
1873 3065 1905 3118 et

1156 3149 1211 3214 SS.
1229 3151 1394 3214 Ganonum
1417 3152 1633 3214 sanctionibus
1655 3152 1779 3228 pollere
1796 3151 1903 3213 debet.

1195 3247 1263 3321 §E
1288 3246 1367 3308 Hinc
1392 3245 1569 3307 iuventutis
1593 3245 1752 3306 institutio
1777 3245 1808 3306 in
1835 3245 1904 3306 uni-

1156 3339 1537 3416 versitatibuscollegiis,
1550 3337 1668 3400 scholis
1681 3345 1713 3400 et
1724 3339 1792 3400 aliis
1804 3339 1904 3400 omni-

1155 3435 1213 3496 bus
1229 3433 1425 3496 educationis
1441 3449 1498 3496 seu
1514 3433 1733 3496 instructionis
1751 3433 1905 3495 institutis

1155 3529 1218 3590 erit
1248 3527 1339 3606 plane
1366 3526 1539 3588 conformis
1566 3527 1730 3588 doctrinae
1759 3527 1905 3588 eiusdem

1155 3622 1327 3685 catholicae
1349 3622 1537 3698 Religionis,
1564 3621 1735 3683 etidcirco
1759 3620 1905 3698 Episcopi

1156 3724 1189 3778 et
1203 3717 1348 3780 locorum
1365 3715 1522 3778 Ordinarii
1539 3715 1633 3777 liberi
1653 3715 1785 3778 omnino
1808 3721 1905 3776 erunt

1156 3811 1188 3874 in
1211 3810 1377 3887 dirigenda
1406 3810 1559 3880 doctrina,
1584 3823 1664 3886 quae
1685 3808 1723 3870 ad
1749 3808 1905 3884 theologi-

1156 3921 1206 3968 cas
1236 3911 1269 3966 et
1300 3903 1441 3967 canonici
1473 3903 1550 3964 iuris
1579 3902 1744 3965 facultates
1771 3909 1803 3963 et
1830 3901 1905 3963 alias

1156 3997 1382 4061 ecclesiasticas
1412 3998 1546 4074 eiusque
1572 3997 1700 4072 generis
1725 3995 1906 4072 disciplinas

1157 4093 1308 4170 pertinet.
1326 4091 1459 4169 Insuper
1482 4091 1579 4153 iidem
1599 4090 1757 4152 Ordinarii
1780 4095 1812 4151 31
1832 4089 1904 4167 Epi-

1157 4189 1242 4264 scopi
1266 4193 1392 4264 praeter
1413 4185 1500 4246 illam
1523 4183 1786 4256 sollicitudinem,
1810 4197 1905 4260 quam

1157 4296 1196 4341 ex
1219 4279 1341 4358 proprii
1371 4278 1508 4341 ministri
1532 4277 1634 4340 officio
1665 4279 1698 4340 in
1721 4277 1904 4354 religiosam

1156 4373 1332 4436 iuventutis
1354 4373 1576 4435 educationem
1600 4377 1762 4442 exercent,
1786 4370 1907 4448 advigi-

1157 4467 1268 4530 labunt
1294 4467 1399 4537 etiam,
1419 4473 1460 4526 ut
1487 4465 1520 4526 in
1549 4465 1660 4541 quavis
1685 4465 1836 4526 tradenda
1862 4464 1906 4524 di-

1156 4561 1288 4638 sciplina
1310 4559 1389 4622 nihil
1412 4559 1502 4630 adsit,
1527 4558 1614 4636 quod
1635 4557 1808 4620 catholicae
1833 4557 1906 4618 reli·

1157 4655 1243 4732 gioni
1267 4669 1461 4729 morumque
1484 4651 1642 4714 honestati
1663 4651 1863 4712 adversetur.

1196 4751 1215 4824 ἓ
1236 4748 1265 4809 3.
1290 4746 1436 4826 Episcopi
1467 4752 1632 4824 praeterea
1661 4745 1732 4806 iure
1756 4761 1815 4806 suo
1840 4744 1906 4806 iru-

1157 4849 1256 4904 untur
1272 4839 1474 4902 examinandi
1493 4847 1525 4902 et
1539 4853 1708 4902 censuram
1731 4837 1857 4899 terendi
1872 4838 1903 4898 in
1984 4883 1989 4892 .

1157 4935 1256 4998 libros
1279 4941 1312 4998 31
1334 4932 1460 5010 scripta,
1484 4947 1565 5008 quae
1588 4931 1623 4992 ad
1650 4930 1724 4992 fidei
1745 4931 1904 5006 dogmata,

1157 5028 1317 5090 Ecclesiae
1333 5026 1529 5102 disciplinam
1553 5032 1586 5086 31
1606 5025 1641 5086 ad
1663 5023 1821 5101 publicam
1841 5039 1907 5084 mo-

1157 5139 1228 5183 rum
1252 5121 1453 5182 honestatem
1476 5118 1590 5196 quouis
1613 5117 1708 5178 modo
1730 5117 1905 5194 pertinent,

1157 5225 1189 5279 et
1224 5231 1413 5294 supremum
1452 5211 1672 5276 Gestaricense
1707 5209 1905 5272 Gubernium

1157 5327 1288 5374 omnem
1305 5308 1499 5372 auctoritatis
1514 5323 1590 5370 suae
1612 5321 1706 5383 opem
1723 5312 1755 5366 et
1777 5319 1905 5382 operam

1158 5403 1330 5483 praestabit
1350 5403 1386 5466 ad
1410 5401 1555 5464 tutandas
1578 5398 1813 5476 dispositiones,
1830 5412 1907 5472 quas

1158 5500 1218 5576 ipsi
1243 5497 1391 5576 Episcopi
1419 5497 1506 5558 iuxta
1532 5493 1697 5556 canonicas
1728 5491 1908 5560 sanctiones

1158 5591 1339 5669 suscepturi
1355 5595 1452 5651 erunt
1472 5589 1509 5649 ad
1527 5586 1718 5662 religionem
1742 5583 1905 5652 tuendam,

353 5697 383 5752 et
400 5689 629 5753 Costoriceoais
645 5687 845 5769 Reipublicae
860 5687 1042 5751 Praecidam
1057 5687 1103 5768 (l)
1159 5693 1252 5762 atque
1272 5687 1308 5747 ad
1331 5683 1537 5746 devitandum
1554 5679 1707 5756 quidquid
1732 5677 1835 5738 eidem
1860 5692 1908 5736 re-

675 5785 778 5846 1852.

394 6001 423 6053 11)
441 6001 476 6042 Ex
494 6001 617 6052 Rernaen,
633 5999 682 6042 vol.
698 5999 719 6051 1,
735 6009 791 6054 pag.
807 5999 855 6042 612.

459 6123 517 6165 lur.
533 6123 609 6165 Pont.
626 6123 658 6164 de
672 6123 753 6172 Prop.
768 6121 831 6164 Fide
844 6117 931 6162 Partis
945 6121 962 6161 1.
979 6117 1032 6161 vol.
1048 6119 1098 6161 111.

1159 5779 1271 5856 ligioni
1292 5777 1453 5840 adversari
1475 5775 1586 5853 possit.
