<?xml version="1.0" encoding="UTF-8"?>
<!DOCTYPE html PUBLIC "-//W3C//DTD XHTML 1.0 Transitional//EN"
    "http://www.w3.org/TR/xhtml1/DTD/xhtml1-transitional.dtd">
<html xmlns="http://www.w3.org/1999/xhtml" xml:lang="en" lang="en">
 <head>
  <title>
</title>
<meta http-equiv="Content-Type" content="text/html;charset=utf-8" />
  <meta name='ocr-system' content='tesseract 3.04.00' />
  <meta name='ocr-capabilities' content='ocr_page ocr_carea ocr_par ocr_line ocrx_word'/>
</head>
<body>
  <div class='ocr_page' id='page_1' title='image "./iurispontificii03martgoog_0268.png"; bbox 0 0 4814 6998; ppageno 0'>
   <div class='ocr_carea' id='block_1_1' title="bbox 0 3994 3 4607">
    <p class='ocr_par' dir='ltr' id='par_1_1' title="bbox 0 3994 3 4607">
     <span class='ocr_line' id='line_1_1' title="bbox 0 3994 3 4607; baseline 0 0"><span class='ocrx_word' id='word_1_1' title='bbox 0 3994 3 4607; x_wconf 95' lang='lat' dir='ltr'> </span> 
     </span>
    </p>
   </div>
   <div class='ocr_carea' id='block_1_2' title="bbox 820 601 1324 654">
    <p class='ocr_par' dir='ltr' id='par_1_2' title="bbox 820 601 1324 654">
     <span class='ocr_line' id='line_1_2' title="bbox 820 601 1324 654; baseline 0.008 -4"><span class='ocrx_word' id='word_1_2' title='bbox 820 601 969 651; x_wconf 72' lang='lat' dir='ltr'>ioannis</span> <span class='ocrx_word' id='word_1_3' title='bbox 993 601 1217 654; x_wconf 76' lang='lat' dir='ltr'>naorssstortrs</span> <span class='ocrx_word' id='word_1_4' title='bbox 1239 605 1324 654; x_wconf 74' lang='lat' dir='ltr'>ribai</span> 
     </span>
    </p>
   </div>
   <div class='ocr_carea' id='block_1_3' title="bbox 293 713 1047 1269">
    <p class='ocr_par' dir='ltr' id='par_1_3' title="bbox 293 713 1047 1269">
     <span class='ocr_line' id='line_1_3' title="bbox 294 713 1046 802; baseline 0.005 -28"><span class='ocrx_word' id='word_1_5' title='bbox 294 713 405 774; x_wconf 84' lang='grc' dir='ltr'>πιίντων</span> <span class='ocrx_word' id='word_1_6' title='bbox 427 718 473 776; x_wconf 84' lang='grc' dir='ltr'>κτὶ</span> <span class='ocrx_word' id='word_1_7' title='bbox 498 715 636 798; x_wconf 54' lang='lat' dir='ltr'>topiros.</span> <span class='ocrx_word' id='word_1_8' title='bbox 663 721 718 778; x_wconf 71' lang='lat' dir='ltr'>liat</span> <span class='ocrx_word' id='word_1_9' title='bbox 740 719 778 786; x_wconf 81' lang='grc' dir='ltr'>εἷς</span> <span class='ocrx_word' id='word_1_10' title='bbox 797 715 847 778; x_wconf 75' lang='grc' dir='ltr'>ἕντι</span> <span class='ocrx_word' id='word_1_11' title='bbox 863 721 966 802; x_wconf 77' lang='grc' dir='ltr'>Κῦριον</span> <span class='ocrx_word' id='word_1_12' title='bbox 985 720 1046 796; x_wconf 78' lang='grc' dir='ltr'>Ἰη-</span> 
     </span>
     <span class='ocr_line' id='line_1_4' title="bbox 294 812 1046 892; baseline 0.005 -22"><span class='ocrx_word' id='word_1_13' title='bbox 294 815 359 870; x_wconf 87' lang='grc' dir='ltr'>σοῦν</span> <span class='ocrx_word' id='word_1_14' title='bbox 382 812 515 890; x_wconf 78' lang='grc' dir='ltr'>Χριστὸν,</span> <span class='ocrx_word' id='word_1_15' title='bbox 539 813 590 872; x_wconf 83' lang='grc' dir='ltr'>τὸν</span> <span class='ocrx_word' id='word_1_16' title='bbox 612 813 685 871; x_wconf 81' lang='grc' dir='ltr'>Υίὸν</span> <span class='ocrx_word' id='word_1_17' title='bbox 707 818 756 872; x_wconf 86' lang='grc' dir='ltr'>τοῦ</span> <span class='ocrx_word' id='word_1_18' title='bbox 781 817 858 874; x_wconf 89' lang='grc' dir='ltr'>Θεοῦ</span> <span class='ocrx_word' id='word_1_19' title='bbox 887 815 938 874; x_wconf 84' lang='grc' dir='ltr'>τὸν</span> <span class='ocrx_word' id='word_1_20' title='bbox 964 839 1046 892; x_wconf 86' lang='grc' dir='ltr'>μονο-</span> 
     </span>
     <span class='ocr_line' id='line_1_5' title="bbox 293 903 1047 989; baseline 0.007 -28"><span class='ocrx_word' id='word_1_21' title='bbox 293 909 375 983; x_wconf 72' lang='grc' dir='ltr'>γενῆ·</span> <span class='ocrx_word' id='word_1_22' title='bbox 392 904 443 964; x_wconf 83' lang='grc' dir='ltr'>τὸν</span> <span class='ocrx_word' id='word_1_23' title='bbox 462 903 495 964; x_wconf 82' lang='grc' dir='ltr'>ἐκ</span> <span class='ocrx_word' id='word_1_24' title='bbox 508 909 559 964; x_wconf 88' lang='grc' dir='ltr'>τοῦ</span> <span class='ocrx_word' id='word_1_25' title='bbox 582 906 695 986; x_wconf 78' lang='grc' dir='ltr'>Πττρὸς</span> <span class='ocrx_word' id='word_1_26' title='bbox 717 908 888 986; x_wconf 73' lang='grc' dir='ltr'>γεννηθέντι</span> <span class='ocrx_word' id='word_1_27' title='bbox 903 911 956 989; x_wconf 81' lang='grc' dir='ltr'>πρὸ</span> <span class='ocrx_word' id='word_1_28' title='bbox 975 909 1047 967; x_wconf 81' lang='grc' dir='ltr'>ποίν-</span> 
     </span>
     <span class='ocr_line' id='line_1_6' title="bbox 293 998 1043 1084; baseline 0.007 -28"><span class='ocrx_word' id='word_1_29' title='bbox 293 1023 347 1056; x_wconf 87' lang='grc' dir='ltr'>των</span> <span class='ocrx_word' id='word_1_30' title='bbox 361 1003 415 1056; x_wconf 78' lang='grc' dir='ltr'>τῶν</span> <span class='ocrx_word' id='word_1_31' title='bbox 432 998 549 1058; x_wconf 77' lang='grc' dir='ltr'>τίυίνιυν·</span> <span class='ocrx_word' id='word_1_32' title='bbox 566 1003 644 1060; x_wconf 81' lang='grc' dir='ltr'>Θεὸν</span> <span class='ocrx_word' id='word_1_33' title='bbox 662 999 697 1058; x_wconf 87' lang='grc' dir='ltr'>εἰι</span> <span class='ocrx_word' id='word_1_34' title='bbox 711 1003 801 1072; x_wconf 83' lang='grc' dir='ltr'>Θεοῦ,</span> <span class='ocrx_word' id='word_1_35' title='bbox 817 1008 871 1084; x_wconf 76' lang='grc' dir='ltr'>ρῶς</span> <span class='ocrx_word' id='word_1_36' title='bbox 891 1001 924 1060; x_wconf 82' lang='grc' dir='ltr'>ἐκ</span> <span class='ocrx_word' id='word_1_37' title='bbox 938 1003 1043 1083; x_wconf 61' lang='lat' dir='ltr'>porea,</span> 
     </span>
     <span class='ocr_line' id='line_1_7' title="bbox 293 1093 1042 1174; baseline 0.005 -24"><span class='ocrx_word' id='word_1_38' title='bbox 293 1095 369 1152; x_wconf 79' lang='grc' dir='ltr'>Θεὸν</span> <span class='ocrx_word' id='word_1_39' title='bbox 393 1093 526 1169; x_wconf 79' lang='grc' dir='ltr'>π’ληθινὸν</span> <span class='ocrx_word' id='word_1_40' title='bbox 544 1093 577 1152; x_wconf 76' lang='grc' dir='ltr'>ἐκ</span> <span class='ocrx_word' id='word_1_41' title='bbox 591 1097 668 1153; x_wconf 88' lang='grc' dir='ltr'>Θεοῦ</span> <span class='ocrx_word' id='word_1_42' title='bbox 692 1094 839 1170; x_wconf 64' lang='grc' dir='ltr'>ἰληθινοῦ,</span> <span class='ocrx_word' id='word_1_43' title='bbox 858 1095 1042 1174; x_wconf 52' lang='grc' dir='ltr'>γεννηθέντι,</span> 
     </span>
     <span class='ocr_line' id='line_1_8' title="bbox 293 1184 1042 1269; baseline 0.004 -26"><span class='ocrx_word' id='word_1_44' title='bbox 293 1185 324 1243; x_wconf 78' lang='grc' dir='ltr'>οὐ</span> <span class='ocrx_word' id='word_1_45' title='bbox 347 1187 513 1262; x_wconf 75' lang='grc' dir='ltr'>ποιηθέντι,</span> <span class='ocrx_word' id='word_1_46' title='bbox 539 1184 689 1266; x_wconf 81' lang='grc' dir='ltr'>ὁμοοιίοιον</span> <span class='ocrx_word' id='word_1_47' title='bbox 710 1192 750 1268; x_wconf 77' lang='grc' dir='ltr'>τῷ</span> <span class='ocrx_word' id='word_1_48' title='bbox 773 1190 876 1269; x_wconf 78' lang='grc' dir='ltr'>Πιιτρὶ,</span> <span class='ocrx_word' id='word_1_49' title='bbox 904 1187 984 1246; x_wconf 78' lang='grc' dir='ltr'>διὀιί</span> <span class='ocrx_word' id='word_1_50' title='bbox 1007 1189 1042 1246; x_wconf 69' lang='grc' dir='ltr'>τί</span> 
     </span>
    </p>
   </div>
   <div class='ocr_carea' id='block_1_4' title="bbox 286 1279 1045 1645">
    <p class='ocr_par' dir='ltr' id='par_1_4' title="bbox 286 1279 1045 1645">
     <span class='ocr_line' id='line_1_9' title="bbox 292 1279 1043 1363; baseline 0.001 -25"><span class='ocrx_word' id='word_1_51' title='bbox 292 1280 384 1338; x_wconf 70' lang='grc' dir='ltr'>πίνττ</span> <span class='ocrx_word' id='word_1_52' title='bbox 406 1279 532 1359; x_wconf 80' lang='grc' dir='ltr'>ἐγίνετο.</span> <span class='ocrx_word' id='word_1_53' title='bbox 557 1283 615 1342; x_wconf 85' lang='grc' dir='ltr'>Τὸν</span> <span class='ocrx_word' id='word_1_54' title='bbox 637 1284 670 1340; x_wconf 74' lang='grc' dir='ltr'>δι’</span> <span class='ocrx_word' id='word_1_55' title='bbox 684 1280 762 1360; x_wconf 65' lang='grc' dir='ltr'>ἠμῖς</span> <span class='ocrx_word' id='word_1_56' title='bbox 784 1281 848 1348; x_wconf 75' lang='grc' dir='ltr'>τοὺς</span> <span class='ocrx_word' id='word_1_57' title='bbox 873 1281 1043 1363; x_wconf 75' lang='grc' dir='ltr'>τ’νθριιίπους,</span> 
     </span>
     <span class='ocr_line' id='line_1_10' title="bbox 293 1371 1044 1457; baseline 0.004 -26"><span class='ocrx_word' id='word_1_58' title='bbox 293 1375 338 1432; x_wconf 84' lang='grc' dir='ltr'>κτὶ</span> <span class='ocrx_word' id='word_1_59' title='bbox 360 1376 406 1434; x_wconf 68' lang='lat' dir='ltr'>tri</span> <span class='ocrx_word' id='word_1_60' title='bbox 423 1376 478 1451; x_wconf 71' lang='grc' dir='ltr'>τήν</span> <span class='ocrx_word' id='word_1_61' title='bbox 492 1371 640 1457; x_wconf 69' lang='grc' dir='ltr'>ἡμετέραν</span> <span class='ocrx_word' id='word_1_62' title='bbox 655 1380 796 1456; x_wconf 79' lang='grc' dir='ltr'>σωτηρίτν</span> <span class='ocrx_word' id='word_1_63' title='bbox 811 1375 986 1436; x_wconf 80' lang='grc' dir='ltr'>ιιιιτελθόνττ</span> <span class='ocrx_word' id='word_1_64' title='bbox 1010 1375 1044 1434; x_wconf 79' lang='grc' dir='ltr'>ἐκ</span> 
     </span>
     <span class='ocr_line' id='line_1_11' title="bbox 292 1469 1042 1550; baseline 0.001 -24"><span class='ocrx_word' id='word_1_65' title='bbox 292 1473 346 1526; x_wconf 83' lang='grc' dir='ltr'>τῶν</span> <span class='ocrx_word' id='word_1_66' title='bbox 369 1469 505 1550; x_wconf 77' lang='grc' dir='ltr'>οῦρτνῦν,</span> <span class='ocrx_word' id='word_1_67' title='bbox 536 1472 582 1528; x_wconf 76' lang='lat' dir='ltr'>asi</span> <span class='ocrx_word' id='word_1_68' title='bbox 610 1472 790 1550; x_wconf 80' lang='grc' dir='ltr'>ουρκυθέντιι</span> <span class='ocrx_word' id='word_1_69' title='bbox 819 1469 852 1528; x_wconf 83' lang='grc' dir='ltr'>ἐκ</span> <span class='ocrx_word' id='word_1_70' title='bbox 879 1470 1042 1547; x_wconf 82' lang='grc' dir='ltr'>[Ινειίμιιτος</span> 
     </span>
     <span class='ocr_line' id='line_1_12' title="bbox 286 1557 1045 1645; baseline 0.003 -27"><span class='ocrx_word' id='word_1_71' title='bbox 286 1557 400 1640; x_wconf 58' lang='lat' dir='ltr'>&#39;haiom</span> <span class='ocrx_word' id='word_1_72' title='bbox 429 1565 475 1620; x_wconf 88' lang='grc' dir='ltr'>κιιὶ</span> <span class='ocrx_word' id='word_1_73' title='bbox 503 1566 610 1644; x_wconf 72' lang='grc' dir='ltr'>Μαρίοις</span> <span class='ocrx_word' id='word_1_74' title='bbox 633 1569 685 1640; x_wconf 78' lang='grc' dir='ltr'>τῆς</span> <span class='ocrx_word' id='word_1_75' title='bbox 709 1563 866 1645; x_wconf 80' lang='grc' dir='ltr'>ΙΙιιρθὲνου,</span> <span class='ocrx_word' id='word_1_76' title='bbox 891 1564 937 1621; x_wconf 75' lang='lat' dir='ltr'>asi</span> <span class='ocrx_word' id='word_1_77' title='bbox 966 1562 1045 1621; x_wconf 80' lang='grc' dir='ltr'>ἐντιν-</span> 
     </span>
    </p>
   </div>
   <div class='ocr_carea' id='block_1_5' title="bbox 289 1655 1045 2957">
    <p class='ocr_par' dir='ltr' id='par_1_5' title="bbox 289 1655 1045 2957">
     <span class='ocr_line' id='line_1_13' title="bbox 290 1655 1042 1738; baseline 0.005 -27"><span class='ocrx_word' id='word_1_78' title='bbox 290 1655 488 1736; x_wconf 68' lang='grc' dir='ltr'>θρωπτῖοτντιι.</span> <span class='ocrx_word' id='word_1_79' title='bbox 513 1658 720 1736; x_wconf 76' lang='grc' dir='ltr'>Σττυρωθὲντοι</span> <span class='ocrx_word' id='word_1_80' title='bbox 734 1683 763 1716; x_wconf 91' lang='grc' dir='ltr'>τε</span> <span class='ocrx_word' id='word_1_81' title='bbox 790 1656 863 1738; x_wconf 70' lang='grc' dir='ltr'>ὑπὲρ</span> <span class='ocrx_word' id='word_1_82' title='bbox 888 1655 970 1736; x_wconf 65' lang='grc' dir='ltr'>ἡμῶν</span> <span class='ocrx_word' id='word_1_83' title='bbox 995 1656 1042 1715; x_wconf 78' lang='grc' dir='ltr'>ἐπὶ</span> 
     </span>
     <span class='ocr_line' id='line_1_14' title="bbox 293 1748 1041 1831; baseline 0.004 -27"><span class='ocrx_word' id='word_1_84' title='bbox 293 1750 410 1806; x_wconf 85' lang='grc' dir='ltr'>Ποντίου</span> <span class='ocrx_word' id='word_1_85' title='bbox 434 1748 575 1820; x_wconf 82' lang='grc' dir='ltr'>Πιλιίτου,</span> <span class='ocrx_word' id='word_1_86' title='bbox 599 1752 645 1808; x_wconf 77' lang='lat' dir='ltr'>ani</span> <span class='ocrx_word' id='word_1_87' title='bbox 668 1751 810 1818; x_wconf 83' lang='grc' dir='ltr'>πιιθόντιι,</span> <span class='ocrx_word' id='word_1_88' title='bbox 836 1751 881 1810; x_wconf 71' lang='lat' dir='ltr'>asi</span> <span class='ocrx_word' id='word_1_89' title='bbox 904 1749 1041 1831; x_wconf 68' lang='grc' dir='ltr'>τοιρέντιι,</span> 
     </span>
     <span class='ocr_line' id='line_1_15' title="bbox 291 1841 1045 1926; baseline 0.003 -28"><span class='ocrx_word' id='word_1_90' title='bbox 291 1843 337 1899; x_wconf 86' lang='grc' dir='ltr'>ιιιιὶ</span> <span class='ocrx_word' id='word_1_91' title='bbox 361 1841 520 1901; x_wconf 78' lang='grc' dir='ltr'>ιἰντστιίνττι</span> <span class='ocrx_word' id='word_1_92' title='bbox 535 1847 573 1926; x_wconf 78' lang='grc' dir='ltr'>τῇ</span> <span class='ocrx_word' id='word_1_93' title='bbox 588 1846 671 1926; x_wconf 78' lang='grc' dir='ltr'>τρίτῃ</span> <span class='ocrx_word' id='word_1_94' title='bbox 693 1841 793 1925; x_wconf 69' lang='grc' dir='ltr'>ήμέροι</span> <span class='ocrx_word' id='word_1_95' title='bbox 815 1843 887 1902; x_wconf 68' lang='lat' dir='ltr'>xasa</span> <span class='ocrx_word' id='word_1_96' title='bbox 912 1843 962 1908; x_wconf 74' lang='grc' dir='ltr'>τοὶς</span> <span class='ocrx_word' id='word_1_97' title='bbox 977 1865 1045 1923; x_wconf 76' lang='grc' dir='ltr'>γριι-</span> 
     </span>
     <span class='ocr_line' id='line_1_16' title="bbox 291 1935 1042 2019; baseline 0.001 -25"><span class='ocrx_word' id='word_1_98' title='bbox 291 1935 352 2018; x_wconf 58' lang='lat' dir='ltr'>nis.</span> <span class='ocrx_word' id='word_1_99' title='bbox 384 1939 440 1995; x_wconf 74' lang='lat' dir='ltr'>liei</span> <span class='ocrx_word' id='word_1_100' title='bbox 471 1937 625 1997; x_wconf 74' lang='grc' dir='ltr'>τ’νελθῦντιι</span> <span class='ocrx_word' id='word_1_101' title='bbox 656 1937 694 2006; x_wconf 81' lang='grc' dir='ltr'>εἷς</span> <span class='ocrx_word' id='word_1_102' title='bbox 722 1940 788 2006; x_wconf 78' lang='grc' dir='ltr'>τοὺς</span> <span class='ocrx_word' id='word_1_103' title='bbox 815 1938 965 2019; x_wconf 70' lang='grc' dir='ltr'>οὐρανούς,</span> <span class='ocrx_word' id='word_1_104' title='bbox 996 1940 1042 1996; x_wconf 70' lang='lat' dir='ltr'>asi</span> 
     </span>
     <span class='ocr_line' id='line_1_17' title="bbox 291 2031 1043 2113; baseline 0.004 -26"><span class='ocrx_word' id='word_1_105' title='bbox 291 2031 477 2107; x_wconf 80' lang='grc' dir='ltr'>κτθεζόμενον</span> <span class='ocrx_word' id='word_1_106' title='bbox 501 2031 534 2090; x_wconf 82' lang='grc' dir='ltr'>ἐκ</span> <span class='ocrx_word' id='word_1_107' title='bbox 555 2034 651 2102; x_wconf 81' lang='grc' dir='ltr'>δεξιῶν</span> <span class='ocrx_word' id='word_1_108' title='bbox 673 2038 724 2091; x_wconf 86' lang='grc' dir='ltr'>τοῦ</span> <span class='ocrx_word' id='word_1_109' title='bbox 747 2033 872 2113; x_wconf 64' lang='lat' dir='ltr'>llutos,</span> <span class='ocrx_word' id='word_1_110' title='bbox 890 2035 936 2092; x_wconf 81' lang='grc' dir='ltr'>ιιιιὶ</span> <span class='ocrx_word' id='word_1_111' title='bbox 957 2033 1043 2092; x_wconf 72' lang='lat' dir='ltr'>aihta</span> 
     </span>
     <span class='ocr_line' id='line_1_18' title="bbox 293 2122 1044 2208; baseline 0.004 -27"><span class='ocrx_word' id='word_1_112' title='bbox 293 2122 449 2204; x_wconf 78' lang='grc' dir='ltr'>ἐρχόμενον</span> <span class='ocrx_word' id='word_1_113' title='bbox 475 2126 548 2202; x_wconf 64' lang='lat' dir='ltr'>peri</span> <span class='ocrx_word' id='word_1_114' title='bbox 577 2127 660 2202; x_wconf 74' lang='grc' dir='ltr'>δόξης</span> <span class='ocrx_word' id='word_1_115' title='bbox 687 2133 780 2208; x_wconf 73' lang='grc' dir='ltr'>κρῖναι</span> <span class='ocrx_word' id='word_1_116' title='bbox 804 2130 907 2194; x_wconf 70' lang='grc' dir='ltr'>ζῶντας</span> <span class='ocrx_word' id='word_1_117' title='bbox 931 2129 977 2184; x_wconf 68' lang='lat' dir='ltr'>itai</span> <span class='ocrx_word' id='word_1_118' title='bbox 1000 2151 1044 2184; x_wconf 90' lang='grc' dir='ltr'>νε-</span> 
     </span>
     <span class='ocr_line' id='line_1_19' title="bbox 291 2216 1041 2296; baseline 0.007 -23"><span class='ocrx_word' id='word_1_119' title='bbox 291 2217 387 2296; x_wconf 77' lang='grc' dir='ltr'>κρούς,</span> <span class='ocrx_word' id='word_1_120' title='bbox 404 2216 436 2276; x_wconf 84' lang='grc' dir='ltr'>οιί</span> <span class='ocrx_word' id='word_1_121' title='bbox 453 2223 504 2294; x_wconf 77' lang='grc' dir='ltr'>τῆς</span> <span class='ocrx_word' id='word_1_122' title='bbox 524 2223 665 2296; x_wconf 64' lang='lat' dir='ltr'>[institiae</span> <span class='ocrx_word' id='word_1_123' title='bbox 688 2221 741 2280; x_wconf 80' lang='grc' dir='ltr'>οθιι</span> <span class='ocrx_word' id='word_1_124' title='bbox 766 2220 844 2279; x_wconf 62' lang='lat' dir='ltr'>iorni</span> <span class='ocrx_word' id='word_1_125' title='bbox 867 2220 960 2286; x_wconf 77' lang='grc' dir='ltr'>τέλος.</span> <span class='ocrx_word' id='word_1_126' title='bbox 985 2222 1041 2278; x_wconf 72' lang='lat' dir='ltr'>ix&#39;a&#39;t</span> 
     </span>
     <span class='ocr_line' id='line_1_20' title="bbox 291 2309 1043 2393; baseline 0.007 -27"><span class='ocrx_word' id='word_1_127' title='bbox 291 2309 328 2375; x_wconf 80' lang='grc' dir='ltr'>εἷς</span> <span class='ocrx_word' id='word_1_128' title='bbox 349 2310 383 2370; x_wconf 82' lang='grc' dir='ltr'>τὸ</span> <span class='ocrx_word' id='word_1_129' title='bbox 409 2314 529 2388; x_wconf 80' lang='grc' dir='ltr'>Πνεῦμιι</span> <span class='ocrx_word' id='word_1_130' title='bbox 551 2313 583 2372; x_wconf 85' lang='grc' dir='ltr'>τὸ</span> <span class='ocrx_word' id='word_1_131' title='bbox 608 2310 721 2392; x_wconf 61' lang='grc' dir='ltr'>Ἅγιον,</span> <span class='ocrx_word' id='word_1_132' title='bbox 738 2313 771 2372; x_wconf 81' lang='grc' dir='ltr'>τὸ</span> <span class='ocrx_word' id='word_1_133' title='bbox 790 2313 906 2393; x_wconf 73' lang='grc' dir='ltr'>Κύριον,</span> <span class='ocrx_word' id='word_1_134' title='bbox 923 2313 956 2371; x_wconf 80' lang='grc' dir='ltr'>τὸ</span> <span class='ocrx_word' id='word_1_135' title='bbox 975 2318 1043 2380; x_wconf 81' lang='grc' dir='ltr'>ζωο-</span> 
     </span>
     <span class='ocr_line' id='line_1_21' title="bbox 290 2404 1043 2488; baseline 0.005 -26"><span class='ocrx_word' id='word_1_136' title='bbox 290 2405 382 2474; x_wconf 86' lang='grc' dir='ltr'>ποιόν,</span> <span class='ocrx_word' id='word_1_137' title='bbox 405 2405 438 2463; x_wconf 80' lang='grc' dir='ltr'>τὸ</span> <span class='ocrx_word' id='word_1_138' title='bbox 460 2404 493 2464; x_wconf 80' lang='grc' dir='ltr'>ἐκ</span> <span class='ocrx_word' id='word_1_139' title='bbox 506 2411 557 2464; x_wconf 89' lang='grc' dir='ltr'>τοῦ</span> <span class='ocrx_word' id='word_1_140' title='bbox 581 2409 694 2488; x_wconf 64' lang='lat' dir='ltr'>Hancne</span> <span class='ocrx_word' id='word_1_141' title='bbox 717 2409 763 2466; x_wconf 81' lang='grc' dir='ltr'>κιιὶ</span> <span class='ocrx_word' id='word_1_142' title='bbox 785 2412 836 2466; x_wconf 86' lang='grc' dir='ltr'>τοῦ</span> <span class='ocrx_word' id='word_1_143' title='bbox 859 2409 931 2466; x_wconf 73' lang='lat' dir='ltr'>riso</span> <span class='ocrx_word' id='word_1_144' title='bbox 957 2406 1043 2466; x_wconf 83' lang='grc' dir='ltr'>ἐκπο-</span> 
     </span>
     <span class='ocr_line' id='line_1_22' title="bbox 290 2497 1043 2582; baseline 0.004 -28"><span class='ocrx_word' id='word_1_145' title='bbox 290 2497 452 2574; x_wconf 79' lang='grc' dir='ltr'>ρευόμενον,</span> <span class='ocrx_word' id='word_1_146' title='bbox 475 2499 508 2558; x_wconf 83' lang='grc' dir='ltr'>τὸ</span> <span class='ocrx_word' id='word_1_147' title='bbox 531 2501 582 2559; x_wconf 77' lang='grc' dir='ltr'>ουν</span> <span class='ocrx_word' id='word_1_148' title='bbox 598 2503 689 2581; x_wconf 79' lang='grc' dir='ltr'>ΙΙιιτρί</span> <span class='ocrx_word' id='word_1_149' title='bbox 713 2503 758 2560; x_wconf 85' lang='grc' dir='ltr'>ιιιιὶ</span> <span class='ocrx_word' id='word_1_150' title='bbox 781 2503 844 2581; x_wconf 78' lang='grc' dir='ltr'>Υίῷ</span> <span class='ocrx_word' id='word_1_151' title='bbox 866 2523 1043 2582; x_wconf 85' lang='grc' dir='ltr'>ουμπροσκυ-</span> 
     </span>
     <span class='ocr_line' id='line_1_23' title="bbox 290 2591 1039 2672; baseline 0.003 -24"><span class='ocrx_word' id='word_1_152' title='bbox 290 2591 423 2669; x_wconf 85' lang='grc' dir='ltr'>νοιίμενον</span> <span class='ocrx_word' id='word_1_153' title='bbox 445 2597 491 2650; x_wconf 77' lang='lat' dir='ltr'>asi</span> <span class='ocrx_word' id='word_1_154' title='bbox 513 2595 757 2672; x_wconf 70' lang='grc' dir='ltr'>ουνδοξοιζόμενον,</span> <span class='ocrx_word' id='word_1_155' title='bbox 780 2594 813 2652; x_wconf 81' lang='grc' dir='ltr'>τὸ</span> <span class='ocrx_word' id='word_1_156' title='bbox 837 2595 966 2668; x_wconf 52' lang='lat' dir='ltr'>italicar</span> <span class='ocrx_word' id='word_1_157' title='bbox 995 2593 1039 2651; x_wconf 74' lang='grc' dir='ltr'>διοῖ</span> 
     </span>
     <span class='ocr_line' id='line_1_24' title="bbox 290 2686 1041 2767; baseline 0.004 -27"><span class='ocrx_word' id='word_1_158' title='bbox 290 2688 344 2742; x_wconf 80' lang='grc' dir='ltr'>τῶν</span> <span class='ocrx_word' id='word_1_159' title='bbox 366 2687 534 2767; x_wconf 67' lang='grc' dir='ltr'>Προρητυῦν.</span> <span class='ocrx_word' id='word_1_160' title='bbox 559 2687 607 2753; x_wconf 78' lang='grc' dir='ltr'>Εἷς</span> <span class='ocrx_word' id='word_1_161' title='bbox 629 2691 715 2756; x_wconf 72' lang='lat' dir='ltr'>Minu,</span> <span class='ocrx_word' id='word_1_162' title='bbox 739 2686 852 2767; x_wconf 71' lang='grc' dir='ltr'>’Λγίιιν,</span> <span class='ocrx_word' id='word_1_163' title='bbox 877 2687 1041 2762; x_wconf 59' lang='lat' dir='ltr'>listiniensis</span> 
     </span>
     <span class='ocr_line' id='line_1_25' title="bbox 289 2774 1040 2860; baseline 0.001 -25"><span class='ocrx_word' id='word_1_164' title='bbox 289 2779 335 2836; x_wconf 82' lang='grc' dir='ltr'>κτὶ</span> <span class='ocrx_word' id='word_1_165' title='bbox 366 2777 579 2858; x_wconf 54' lang='lat' dir='ltr'>&#39;sleoswicensis</span> <span class='ocrx_word' id='word_1_166' title='bbox 610 2782 794 2857; x_wconf 75' lang='grc' dir='ltr'>Ἐκκληοίτν.</span> <span class='ocrx_word' id='word_1_167' title='bbox 826 2779 976 2860; x_wconf 74' lang='grc' dir='ltr'>’Θμολογῶ</span> <span class='ocrx_word' id='word_1_168' title='bbox 1011 2774 1040 2836; x_wconf 74' lang='grc' dir='ltr'>ἒν</span> 
     </span>
     <span class='ocr_line' id='line_1_26' title="bbox 289 2873 1042 2957; baseline 0.003 -30"><span class='ocrx_word' id='word_1_169' title='bbox 289 2873 442 2950; x_wconf 77' lang='grc' dir='ltr'>Βιίπτισμτ</span> <span class='ocrx_word' id='word_1_170' title='bbox 457 2873 495 2938; x_wconf 75' lang='grc' dir='ltr'>είς</span> <span class='ocrx_word' id='word_1_171' title='bbox 512 2873 610 2956; x_wconf 81' lang='grc' dir='ltr'>ιίρεσιν</span> <span class='ocrx_word' id='word_1_172' title='bbox 626 2873 781 2957; x_wconf 83' lang='grc' dir='ltr'>ιὶμτιρτιῶν.</span> <span class='ocrx_word' id='word_1_173' title='bbox 806 2877 955 2956; x_wconf 58' lang='lat' dir='ltr'>Hanniba&amp;</span> <span class='ocrx_word' id='word_1_174' title='bbox 973 2873 1042 2932; x_wconf 65' lang='grc' dir='ltr'>ἐντ’-</span> 
     </span>
    </p>
   </div>
   <div class='ocr_carea' id='block_1_6' title="bbox 285 3103 1041 6045">
    <p class='ocr_par' dir='ltr' id='par_1_6' title="bbox 289 3103 1041 3558">
     <span class='ocr_line' id='line_1_27' title="bbox 294 3103 1040 3166; baseline 0.009 -20"><span class='ocrx_word' id='word_1_175' title='bbox 294 3113 353 3147; x_wconf 82' lang='grc' dir='ltr'>ιιιιιι</span> <span class='ocrx_word' id='word_1_176' title='bbox 369 3103 468 3150; x_wconf 81' lang='lat' dir='ltr'>Christi</span> <span class='ocrx_word' id='word_1_177' title='bbox 485 3106 613 3152; x_wconf 85' lang='lat' dir='ltr'>ricarium</span> <span class='ocrx_word' id='word_1_178' title='bbox 630 3108 764 3166; x_wconf 87' lang='lat' dir='ltr'>totiusque</span> <span class='ocrx_word' id='word_1_179' title='bbox 780 3109 910 3155; x_wconf 80' lang='lat' dir='ltr'>Ecclesiae</span> <span class='ocrx_word' id='word_1_180' title='bbox 924 3113 1001 3164; x_wconf 73' lang='lat' dir='ltr'>capim</span> <span class='ocrx_word' id='word_1_181' title='bbox 1013 3111 1040 3153; x_wconf 90' lang='lat' dir='ltr'>et</span> 
     </span>
     <span class='ocr_line' id='line_1_28' title="bbox 289 3170 1040 3232; baseline 0.009 -20"><span class='ocrx_word' id='word_1_182' title='bbox 289 3170 409 3216; x_wconf 90' lang='lat' dir='ltr'>omnium</span> <span class='ocrx_word' id='word_1_183' title='bbox 432 3172 639 3219; x_wconf 87' lang='lat' dir='ltr'>christianorum</span> <span class='ocrx_word' id='word_1_184' title='bbox 662 3179 766 3232; x_wconf 89' lang='lat' dir='ltr'>patrem</span> <span class='ocrx_word' id='word_1_185' title='bbox 785 3187 816 3222; x_wconf 90' lang='lat' dir='ltr'>ao</span> <span class='ocrx_word' id='word_1_186' title='bbox 835 3175 968 3222; x_wconf 89' lang='lat' dir='ltr'>doctorem</span> <span class='ocrx_word' id='word_1_187' title='bbox 989 3175 1040 3220; x_wconf 84' lang='lat' dir='ltr'>exi-</span> 
     </span>
     <span class='ocr_line' id='line_1_29' title="bbox 290 3239 1040 3300; baseline 0.008 -19"><span class='ocrx_word' id='word_1_188' title='bbox 290 3241 369 3294; x_wconf 89' lang='lat' dir='ltr'>stere,</span> <span class='ocrx_word' id='word_1_189' title='bbox 383 3243 410 3283; x_wconf 87' lang='lat' dir='ltr'>et</span> <span class='ocrx_word' id='word_1_190' title='bbox 425 3239 472 3296; x_wconf 89' lang='lat' dir='ltr'>ipsi</span> <span class='ocrx_word' id='word_1_191' title='bbox 493 3241 519 3285; x_wconf 92' lang='lat' dir='ltr'>in</span> <span class='ocrx_word' id='word_1_192' title='bbox 541 3241 619 3287; x_wconf 87' lang='lat' dir='ltr'>beato</span> <span class='ocrx_word' id='word_1_193' title='bbox 640 3246 717 3289; x_wconf 87' lang='lat' dir='ltr'>Petro</span> <span class='ocrx_word' id='word_1_194' title='bbox 736 3245 867 3300; x_wconf 88' lang='lat' dir='ltr'>pascendi,</span> <span class='ocrx_word' id='word_1_195' title='bbox 884 3244 992 3300; x_wconf 73' lang='lat' dir='ltr'>regendi</span> <span class='ocrx_word' id='word_1_196' title='bbox 1013 3247 1040 3287; x_wconf 89' lang='lat' dir='ltr'>et</span> 
     </span>
     <span class='ocr_line' id='line_1_30' title="bbox 290 3306 1040 3360; baseline 0.011 -12"><span class='ocrx_word' id='word_1_197' title='bbox 290 3306 453 3360; x_wconf 81' lang='lat' dir='ltr'>gubernandi</span> <span class='ocrx_word' id='word_1_198' title='bbox 473 3308 650 3355; x_wconf 78' lang='lat' dir='ltr'>universalem</span> <span class='ocrx_word' id='word_1_199' title='bbox 672 3311 813 3356; x_wconf 72' lang='lat' dir='ltr'>Ecclesiam</span> <span class='ocrx_word' id='word_1_200' title='bbox 835 3323 850 3356; x_wconf 90' lang='lat' dir='ltr'>a</span> <span class='ocrx_word' id='word_1_201' title='bbox 870 3311 979 3356; x_wconf 74' lang='lat' dir='ltr'>brimino</span> <span class='ocrx_word' id='word_1_202' title='bbox 998 3323 1040 3356; x_wconf 93' lang='grc' dir='ltr'>ιιο-</span> 
     </span>
     <span class='ocr_line' id='line_1_31' title="bbox 290 3375 1039 3435; baseline 0.007 -18"><span class='ocrx_word' id='word_1_203' title='bbox 290 3376 346 3418; x_wconf 89' lang='lat' dir='ltr'>stro</span> <span class='ocrx_word' id='word_1_204' title='bbox 357 3376 414 3419; x_wconf 86' lang='lat' dir='ltr'>lesu</span> <span class='ocrx_word' id='word_1_205' title='bbox 427 3375 532 3422; x_wconf 87' lang='lat' dir='ltr'>christo</span> <span class='ocrx_word' id='word_1_206' title='bbox 542 3377 646 3433; x_wconf 80' lang='lat' dir='ltr'>plenam</span> <span class='ocrx_word' id='word_1_207' title='bbox 659 3383 816 3435; x_wconf 88' lang='lat' dir='ltr'>potestatem</span> <span class='ocrx_word' id='word_1_208' title='bbox 832 3379 959 3424; x_wconf 78' lang='lat' dir='ltr'>traditam</span> <span class='ocrx_word' id='word_1_209' title='bbox 975 3389 1039 3433; x_wconf 88' lang='lat' dir='ltr'>esse,</span> 
     </span>
     <span class='ocr_line' id='line_1_32' title="bbox 289 3441 1041 3496; baseline 0.009 -13"><span class='ocrx_word' id='word_1_210' title='bbox 289 3441 511 3496; x_wconf 88' lang='lat' dir='ltr'>quemadmodum</span> <span class='ocrx_word' id='word_1_211' title='bbox 528 3444 608 3488; x_wconf 90' lang='lat' dir='ltr'>etiam</span> <span class='ocrx_word' id='word_1_212' title='bbox 625 3445 651 3489; x_wconf 93' lang='lat' dir='ltr'>in</span> <span class='ocrx_word' id='word_1_213' title='bbox 666 3447 732 3491; x_wconf 90' lang='lat' dir='ltr'>actis</span> <span class='ocrx_word' id='word_1_214' title='bbox 743 3446 972 3492; x_wconf 90' lang='lat' dir='ltr'>oecumenicorum</span> <span class='ocrx_word' id='word_1_215' title='bbox 983 3457 1041 3491; x_wconf 92' lang='lat' dir='ltr'>cou-</span> 
     </span>
     <span class='ocr_line' id='line_1_33' title="bbox 289 3507 927 3558; baseline 0.011 -7"><span class='ocrx_word' id='word_1_216' title='bbox 289 3507 412 3553; x_wconf 90' lang='lat' dir='ltr'>ciiiorum</span> <span class='ocrx_word' id='word_1_217' title='bbox 428 3513 454 3554; x_wconf 90' lang='lat' dir='ltr'>et</span> <span class='ocrx_word' id='word_1_218' title='bbox 469 3509 495 3554; x_wconf 92' lang='lat' dir='ltr'>in</span> <span class='ocrx_word' id='word_1_219' title='bbox 511 3511 593 3556; x_wconf 88' lang='lat' dir='ltr'>sacris</span> <span class='ocrx_word' id='word_1_220' title='bbox 609 3513 752 3558; x_wconf 87' lang='lat' dir='ltr'>canonibus</span> <span class='ocrx_word' id='word_1_221' title='bbox 767 3513 927 3558; x_wconf 79' lang='lat' dir='ltr'>continetur.</span> 
     </span>
    </p>

    <p class='ocr_par' dir='ltr' id='par_1_7' title="bbox 288 3577 1041 3970">
     <span class='ocr_line' id='line_1_34' title="bbox 329 3577 1040 3638; baseline 0.004 -15"><span class='ocrx_word' id='word_1_222' title='bbox 329 3581 342 3623; x_wconf 78' lang='lat'>8</span> <span class='ocrx_word' id='word_1_223' title='bbox 356 3577 377 3619; x_wconf 85' lang='lat'>6.</span> <span class='ocrx_word' id='word_1_224' title='bbox 392 3579 503 3633; x_wconf 78' lang='lat' dir='ltr'><strong>Insuper</strong></span> <span class='ocrx_word' id='word_1_225' title='bbox 513 3578 640 3635; x_wconf 82' lang='lat' dir='ltr'>profiteor</span> <span class='ocrx_word' id='word_1_226' title='bbox 650 3591 680 3625; x_wconf 90' lang='lat' dir='ltr'>ac</span> <span class='ocrx_word' id='word_1_227' title='bbox 690 3581 789 3638; x_wconf 88' lang='lat' dir='ltr'>recipio</span> <span class='ocrx_word' id='word_1_228' title='bbox 799 3581 853 3626; x_wconf 87' lang='lat' dir='ltr'>alia</span> <span class='ocrx_word' id='word_1_229' title='bbox 864 3581 961 3636; x_wconf 89' lang='lat' dir='ltr'>omnia,</span> <span class='ocrx_word' id='word_1_230' title='bbox 973 3593 1040 3637; x_wconf 79' lang='lat' dir='ltr'>ottae</span> 
     </span>
     <span class='ocr_line' id='line_1_35' title="bbox 290 3643 1039 3704; baseline 0.008 -18"><span class='ocrx_word' id='word_1_231' title='bbox 290 3651 321 3686; x_wconf 84' lang='lat' dir='ltr'>ex</span> <span class='ocrx_word' id='word_1_232' title='bbox 343 3643 455 3688; x_wconf 77' lang='lat' dir='ltr'>decretis</span> <span class='ocrx_word' id='word_1_233' title='bbox 477 3655 567 3691; x_wconf 89' lang='lat' dir='ltr'>sacrae</span> <span class='ocrx_word' id='word_1_234' title='bbox 590 3648 773 3692; x_wconf 90' lang='lat' dir='ltr'>oecumenicae</span> <span class='ocrx_word' id='word_1_235' title='bbox 796 3647 927 3704; x_wconf 73' lang='lat' dir='ltr'>gesseratis</span> <span class='ocrx_word' id='word_1_236' title='bbox 947 3647 1039 3704; x_wconf 78' lang='lat' dir='ltr'>synodi</span> 
     </span>
     <span class='ocr_line' id='line_1_36' title="bbox 292 3707 1040 3771; baseline 0.011 -21"><span class='ocrx_word' id='word_1_237' title='bbox 292 3707 469 3766; x_wconf 77' lang='lat' dir='ltr'>Tridentinae,</span> <span class='ocrx_word' id='word_1_238' title='bbox 484 3717 652 3758; x_wconf 87' lang='lat' dir='ltr'>sacrosancta</span> <span class='ocrx_word' id='word_1_239' title='bbox 667 3717 786 3760; x_wconf 71' lang='lat' dir='ltr'>Romam</span> <span class='ocrx_word' id='word_1_240' title='bbox 800 3719 827 3759; x_wconf 87' lang='lat' dir='ltr'>et</span> <span class='ocrx_word' id='word_1_241' title='bbox 838 3715 986 3771; x_wconf 81' lang='lat' dir='ltr'>apostolica</span> <span class='ocrx_word' id='word_1_242' title='bbox 998 3718 1040 3758; x_wconf 85' lang='lat' dir='ltr'>Ec-</span> 
     </span>
     <span class='ocr_line' id='line_1_37' title="bbox 289 3775 1041 3838; baseline 0.011 -19"><span class='ocrx_word' id='word_1_243' title='bbox 289 3775 378 3830; x_wconf 88' lang='lat' dir='ltr'>clesia,</span> <span class='ocrx_word' id='word_1_244' title='bbox 389 3777 470 3823; x_wconf 90' lang='lat' dir='ltr'>etiam</span> <span class='ocrx_word' id='word_1_245' title='bbox 484 3779 556 3825; x_wconf 91' lang='lat' dir='ltr'>ultra</span> <span class='ocrx_word' id='word_1_246' title='bbox 566 3783 690 3825; x_wconf 87' lang='lat' dir='ltr'>contenta</span> <span class='ocrx_word' id='word_1_247' title='bbox 699 3781 725 3825; x_wconf 91' lang='lat' dir='ltr'>in</span> <span class='ocrx_word' id='word_1_248' title='bbox 735 3781 888 3838; x_wconf 87' lang='lat' dir='ltr'>supradicto</span> <span class='ocrx_word' id='word_1_249' title='bbox 899 3783 959 3827; x_wconf 88' lang='lat' dir='ltr'>ildei</span> <span class='ocrx_word' id='word_1_250' title='bbox 969 3785 1041 3838; x_wconf 79' lang='lat' dir='ltr'>syni-</span> 
     </span>
     <span class='ocr_line' id='line_1_38' title="bbox 289 3843 1040 3906; baseline 0.008 -18"><span class='ocrx_word' id='word_1_251' title='bbox 289 3843 355 3898; x_wconf 89' lang='lat' dir='ltr'>boio,</span> <span class='ocrx_word' id='word_1_252' title='bbox 366 3845 512 3900; x_wconf 81' lang='lat' dir='ltr'>profitenda</span> <span class='ocrx_word' id='word_1_253' title='bbox 522 3857 553 3892; x_wconf 86' lang='lat' dir='ltr'>ac</span> <span class='ocrx_word' id='word_1_254' title='bbox 563 3847 714 3904; x_wconf 87' lang='lat' dir='ltr'>recipienda</span> <span class='ocrx_word' id='word_1_255' title='bbox 729 3849 867 3905; x_wconf 90' lang='lat' dir='ltr'>proposuit</span> <span class='ocrx_word' id='word_1_256' title='bbox 876 3853 956 3906; x_wconf 86' lang='lat' dir='ltr'>atque</span> <span class='ocrx_word' id='word_1_257' title='bbox 969 3861 1040 3906; x_wconf 88' lang='lat' dir='ltr'>prae-</span> 
     </span>
     <span class='ocr_line' id='line_1_39' title="bbox 288 3911 592 3970; baseline 0.013 -15"><span class='ocrx_word' id='word_1_258' title='bbox 288 3911 403 3968; x_wconf 76' lang='lat' dir='ltr'>scripsit,</span> <span class='ocrx_word' id='word_1_259' title='bbox 418 3915 447 3957; x_wconf 93' lang='lat' dir='ltr'>ut</span> <span class='ocrx_word' id='word_1_260' title='bbox 463 3914 592 3970; x_wconf 87' lang='lat' dir='ltr'>sequitur.</span> 
     </span>
    </p>

    <p class='ocr_par' dir='ltr' id='par_1_8' title="bbox 287 3979 1041 4172">
     <span class='ocr_line' id='line_1_40' title="bbox 328 3979 1041 4034; baseline 0.003 -8"><span class='ocrx_word' id='word_1_261' title='bbox 328 3981 374 4026; x_wconf 80' lang='lat' dir='ltr'>st.</span> <span class='ocrx_word' id='word_1_262' title='bbox 390 3979 552 4034; x_wconf 79' lang='lat' dir='ltr'>apostolicas</span> <span class='ocrx_word' id='word_1_263' title='bbox 566 3985 592 4026; x_wconf 92' lang='lat' dir='ltr'>et</span> <span class='ocrx_word' id='word_1_264' title='bbox 608 3982 803 4028; x_wconf 87' lang='lat' dir='ltr'>ecclesiasticas</span> <span class='ocrx_word' id='word_1_265' title='bbox 824 3983 981 4030; x_wconf 82' lang='lat' dir='ltr'>traditiones</span> <span class='ocrx_word' id='word_1_266' title='bbox 1002 3995 1041 4028; x_wconf 91' lang='lat' dir='ltr'>re·</span> 
     </span>
     <span class='ocr_line' id='line_1_41' title="bbox 287 4043 1040 4101; baseline 0.013 -15"><span class='ocrx_word' id='word_1_267' title='bbox 287 4043 427 4101; x_wconf 88' lang='lat' dir='ltr'>liquasque</span> <span class='ocrx_word' id='word_1_268' title='bbox 441 4046 559 4092; x_wconf 88' lang='lat' dir='ltr'>eiusdem</span> <span class='ocrx_word' id='word_1_269' title='bbox 575 4049 706 4094; x_wconf 77' lang='lat' dir='ltr'>Ecclesiae</span> <span class='ocrx_word' id='word_1_270' title='bbox 725 4050 922 4096; x_wconf 78' lang='lat' dir='ltr'>observationes</span> <span class='ocrx_word' id='word_1_271' title='bbox 938 4055 964 4096; x_wconf 89' lang='lat' dir='ltr'>et</span> <span class='ocrx_word' id='word_1_272' title='bbox 982 4063 1040 4096; x_wconf 90' lang='lat' dir='ltr'>con-</span> 
     </span>
     <span class='ocr_line' id='line_1_42' title="bbox 288 4109 950 4172; baseline 0.014 -19"><span class='ocrx_word' id='word_1_273' title='bbox 288 4109 442 4156; x_wconf 87' lang='lat' dir='ltr'>stitutiones</span> <span class='ocrx_word' id='word_1_274' title='bbox 459 4113 612 4160; x_wconf 78' lang='lat' dir='ltr'>firmissime</span> <span class='ocrx_word' id='word_1_275' title='bbox 627 4117 741 4162; x_wconf 85' lang='lat' dir='ltr'>admitto</span> <span class='ocrx_word' id='word_1_276' title='bbox 756 4121 781 4161; x_wconf 88' lang='lat' dir='ltr'>et</span> <span class='ocrx_word' id='word_1_277' title='bbox 797 4117 950 4172; x_wconf 88' lang='lat' dir='ltr'>amplector.</span> 
     </span>
    </p>

    <p class='ocr_par' dir='ltr' id='par_1_9' title="bbox 286 4178 1040 4564">
     <span class='ocr_line' id='line_1_43' title="bbox 327 4178 1038 4238; baseline 0.004 -13"><span class='ocrx_word' id='word_1_278' title='bbox 327 4183 339 4225; x_wconf 77' lang='lat' dir='ltr'>s</span> <span class='ocrx_word' id='word_1_279' title='bbox 353 4178 374 4220; x_wconf 82' lang='lat'>8.</span> <span class='ocrx_word' id='word_1_280' title='bbox 390 4180 464 4233; x_wconf 86' lang='lat' dir='ltr'>item,</span> <span class='ocrx_word' id='word_1_281' title='bbox 475 4189 578 4226; x_wconf 86' lang='lat' dir='ltr'>sacram</span> <span class='ocrx_word' id='word_1_282' title='bbox 590 4181 764 4238; x_wconf 82' lang='lat' dir='ltr'>scripturam,</span> <span class='ocrx_word' id='word_1_283' title='bbox 776 4183 850 4228; x_wconf 87' lang='lat' dir='ltr'>iuxta</span> <span class='ocrx_word' id='word_1_284' title='bbox 860 4193 921 4228; x_wconf 90' lang='lat' dir='ltr'>eum</span> <span class='ocrx_word' id='word_1_285' title='bbox 932 4195 1038 4230; x_wconf 88' lang='lat' dir='ltr'>sensum</span> 
     </span>
     <span class='ocr_line' id='line_1_44' title="bbox 287 4244 1039 4304; baseline 0.012 -19"><span class='ocrx_word' id='word_1_286' title='bbox 287 4253 364 4298; x_wconf 89' lang='lat' dir='ltr'>quem</span> <span class='ocrx_word' id='word_1_287' title='bbox 382 4244 468 4288; x_wconf 86' lang='lat' dir='ltr'>tenuit</span> <span class='ocrx_word' id='word_1_288' title='bbox 482 4249 509 4289; x_wconf 90' lang='lat' dir='ltr'>et</span> <span class='ocrx_word' id='word_1_289' title='bbox 524 4250 597 4292; x_wconf 87' lang='lat' dir='ltr'>tenet</span> <span class='ocrx_word' id='word_1_290' title='bbox 612 4253 704 4294; x_wconf 90' lang='lat' dir='ltr'>sancta</span> <span class='ocrx_word' id='word_1_291' title='bbox 719 4253 804 4294; x_wconf 89' lang='lat' dir='ltr'>mater</span> <span class='ocrx_word' id='word_1_292' title='bbox 820 4249 943 4304; x_wconf 75' lang='lat' dir='ltr'>Ecclesia,</span> <span class='ocrx_word' id='word_1_293' title='bbox 963 4249 1039 4294; x_wconf 91' lang='lat' dir='ltr'>cuius</span> 
     </span>
     <span class='ocr_line' id='line_1_45' title="bbox 286 4309 1040 4372; baseline 0.012 -19"><span class='ocrx_word' id='word_1_294' title='bbox 286 4313 328 4354; x_wconf 89' lang='lat' dir='ltr'>est</span> <span class='ocrx_word' id='word_1_295' title='bbox 342 4309 459 4356; x_wconf 83' lang='lat' dir='ltr'>iudicare</span> <span class='ocrx_word' id='word_1_296' title='bbox 474 4311 505 4356; x_wconf 92' lang='lat' dir='ltr'>de</span> <span class='ocrx_word' id='word_1_297' title='bbox 520 4324 581 4358; x_wconf 85' lang='lat' dir='ltr'>vero</span> <span class='ocrx_word' id='word_1_298' title='bbox 596 4325 675 4360; x_wconf 90' lang='lat' dir='ltr'>sensu</span> <span class='ocrx_word' id='word_1_299' title='bbox 686 4319 712 4360; x_wconf 89' lang='lat' dir='ltr'>et</span> <span class='ocrx_word' id='word_1_300' title='bbox 722 4315 943 4372; x_wconf 78' lang='lat' dir='ltr'>interpretatione</span> <span class='ocrx_word' id='word_1_301' title='bbox 954 4329 1040 4363; x_wconf 90' lang='lat' dir='ltr'>sacra-</span> 
     </span>
     <span class='ocr_line' id='line_1_46' title="bbox 286 4377 1038 4441; baseline 0.015 -23"><span class='ocrx_word' id='word_1_302' title='bbox 286 4383 347 4418; x_wconf 89' lang='lat' dir='ltr'>rum</span> <span class='ocrx_word' id='word_1_303' title='bbox 359 4377 568 4434; x_wconf 81' lang='lat' dir='ltr'>scripturarum,</span> <span class='ocrx_word' id='word_1_304' title='bbox 580 4381 705 4432; x_wconf 84' lang='lat' dir='ltr'>admitto:</span> <span class='ocrx_word' id='word_1_305' title='bbox 716 4393 832 4428; x_wconf 89' lang='lat' dir='ltr'>neceam</span> <span class='ocrx_word' id='word_1_306' title='bbox 843 4395 978 4441; x_wconf 87' lang='lat' dir='ltr'>umquam,</span> <span class='ocrx_word' id='word_1_307' title='bbox 988 4384 1038 4430; x_wconf 90' lang='lat' dir='ltr'>nisi</span> 
     </span>
     <span class='ocr_line' id='line_1_47' title="bbox 288 4440 1039 4507; baseline 0.017 -23"><span class='ocrx_word' id='word_1_308' title='bbox 288 4440 363 4486; x_wconf 84' lang='lat' dir='ltr'>iuxta</span> <span class='ocrx_word' id='word_1_309' title='bbox 382 4444 535 4490; x_wconf 88' lang='lat' dir='ltr'>unanimem</span> <span class='ocrx_word' id='word_1_310' title='bbox 555 4457 713 4493; x_wconf 88' lang='lat' dir='ltr'>consensum</span> <span class='ocrx_word' id='word_1_311' title='bbox 734 4451 852 4504; x_wconf 80' lang='lat' dir='ltr'>Petrum,</span> <span class='ocrx_word' id='word_1_312' title='bbox 870 4450 996 4507; x_wconf 89' lang='lat' dir='ltr'>accipiam</span> <span class='ocrx_word' id='word_1_313' title='bbox 1013 4455 1039 4497; x_wconf 87' lang='lat' dir='ltr'>et</span> 
     </span>
     <span class='ocr_line' id='line_1_48' title="bbox 288 4504 493 4564; baseline 0.024 -15"><span class='ocrx_word' id='word_1_314' title='bbox 288 4504 493 4564; x_wconf 89' lang='lat' dir='ltr'>interpretabor.</span> 
     </span>
    </p>

    <p class='ocr_par' dir='ltr' id='par_1_10' title="bbox 286 4575 1041 5170">
     <span class='ocr_line' id='line_1_49' title="bbox 327 4575 1039 4642; baseline 0.01 -19"><span class='ocrx_word' id='word_1_315' title='bbox 327 4581 339 4623; x_wconf 77' lang='lat' dir='ltr'>E</span> <span class='ocrx_word' id='word_1_316' title='bbox 354 4575 375 4618; x_wconf 77' lang='grc' dir='ltr'>θ.</span> <span class='ocrx_word' id='word_1_317' title='bbox 391 4577 519 4624; x_wconf 83' lang='lat' dir='ltr'>Profiteor</span> <span class='ocrx_word' id='word_1_318' title='bbox 533 4591 637 4638; x_wconf 89' lang='lat' dir='ltr'>quoque</span> <span class='ocrx_word' id='word_1_319' title='bbox 647 4585 746 4639; x_wconf 90' lang='lat' dir='ltr'>septem</span> <span class='ocrx_word' id='word_1_320' title='bbox 758 4595 815 4628; x_wconf 89' lang='lat' dir='ltr'>esse</span> <span class='ocrx_word' id='word_1_321' title='bbox 825 4595 886 4628; x_wconf 85' lang='lat' dir='ltr'>vere</span> <span class='ocrx_word' id='word_1_322' title='bbox 896 4587 923 4628; x_wconf 94' lang='lat' dir='ltr'>et</span> <span class='ocrx_word' id='word_1_323' title='bbox 933 4585 1039 4642; x_wconf 91' lang='lat' dir='ltr'>proprie</span> 
     </span>
     <span class='ocr_line' id='line_1_50' title="bbox 288 4648 1041 4704; baseline 0.017 -19"><span class='ocrx_word' id='word_1_324' title='bbox 288 4648 457 4690; x_wconf 89' lang='lat' dir='ltr'>sacramenta</span> <span class='ocrx_word' id='word_1_325' title='bbox 472 4657 554 4692; x_wconf 73' lang='lat' dir='ltr'>trevae</span> <span class='ocrx_word' id='word_1_326' title='bbox 570 4648 634 4704; x_wconf 83' lang='lat' dir='ltr'>legis</span> <span class='ocrx_word' id='word_1_327' title='bbox 649 4661 664 4694; x_wconf 89' lang='lat' dir='ltr'>a</span> <span class='ocrx_word' id='word_1_328' title='bbox 679 4653 737 4695; x_wconf 89' lang='lat' dir='ltr'>lesu</span> <span class='ocrx_word' id='word_1_329' title='bbox 753 4651 858 4695; x_wconf 80' lang='lat' dir='ltr'>christo</span> <span class='ocrx_word' id='word_1_330' title='bbox 873 4652 983 4698; x_wconf 85' lang='lat' dir='ltr'>Domino</span> <span class='ocrx_word' id='word_1_331' title='bbox 998 4664 1041 4698; x_wconf 91' lang='lat' dir='ltr'>uo·</span> 
     </span>
     <span class='ocr_line' id='line_1_51' title="bbox 288 4707 1039 4774; baseline 0.019 -25"><span class='ocrx_word' id='word_1_332' title='bbox 288 4707 345 4751; x_wconf 91' lang='lat' dir='ltr'>stro</span> <span class='ocrx_word' id='word_1_333' title='bbox 360 4707 495 4764; x_wconf 87' lang='lat' dir='ltr'>instituta,</span> <span class='ocrx_word' id='word_1_334' title='bbox 509 4717 590 4770; x_wconf 90' lang='lat' dir='ltr'>atque</span> <span class='ocrx_word' id='word_1_335' title='bbox 609 4715 641 4760; x_wconf 92' lang='lat' dir='ltr'>ad</span> <span class='ocrx_word' id='word_1_336' title='bbox 662 4716 776 4760; x_wconf 89' lang='lat' dir='ltr'>salutem</span> <span class='ocrx_word' id='word_1_337' title='bbox 796 4716 905 4762; x_wconf 90' lang='lat' dir='ltr'>humani</span> <span class='ocrx_word' id='word_1_338' title='bbox 925 4719 1039 4774; x_wconf 74' lang='lat' dir='ltr'>generis,</span> 
     </span>
     <span class='ocr_line' id='line_1_52' title="bbox 287 4771 1039 4842; baseline 0.019 -26"><span class='ocrx_word' id='word_1_339' title='bbox 287 4771 349 4818; x_wconf 91' lang='lat' dir='ltr'>licet</span> <span class='ocrx_word' id='word_1_340' title='bbox 364 4785 414 4820; x_wconf 91' lang='lat' dir='ltr'>non</span> <span class='ocrx_word' id='word_1_341' title='bbox 430 4779 519 4824; x_wconf 91' lang='lat' dir='ltr'>omnia</span> <span class='ocrx_word' id='word_1_342' title='bbox 534 4779 646 4836; x_wconf 72' lang='lat' dir='ltr'>arrigens</span> <span class='ocrx_word' id='word_1_343' title='bbox 661 4783 818 4838; x_wconf 88' lang='lat' dir='ltr'>necessaria,</span> <span class='ocrx_word' id='word_1_344' title='bbox 837 4783 936 4829; x_wconf 89' lang='lat' dir='ltr'>scilicet</span> <span class='ocrx_word' id='word_1_345' title='bbox 954 4785 1039 4842; x_wconf 86' lang='lat' dir='ltr'>Bapti-</span> 
     </span>
     <span class='ocr_line' id='line_1_53' title="bbox 287 4845 1039 4906; baseline 0.016 -22"><span class='ocrx_word' id='word_1_346' title='bbox 287 4849 391 4896; x_wconf 88' lang='lat' dir='ltr'>smum,</span> <span class='ocrx_word' id='word_1_347' title='bbox 410 4845 657 4903; x_wconf 82' lang='lat' dir='ltr'>confirmationem,</span> <span class='ocrx_word' id='word_1_348' title='bbox 678 4850 886 4906; x_wconf 87' lang='lat' dir='ltr'>Eucharistiam,</span> <span class='ocrx_word' id='word_1_349' title='bbox 905 4851 1039 4896; x_wconf 83' lang='lat' dir='ltr'>Poeniteu·</span> 
     </span>
     <span class='ocr_line' id='line_1_54' title="bbox 287 4906 1041 4978; baseline 0.019 -28"><span class='ocrx_word' id='word_1_350' title='bbox 287 4906 363 4962; x_wconf 87' lang='lat' dir='ltr'>tiam,</span> <span class='ocrx_word' id='word_1_351' title='bbox 379 4911 531 4957; x_wconf 85' lang='lat' dir='ltr'>Extremam</span> <span class='ocrx_word' id='word_1_352' title='bbox 548 4915 711 4971; x_wconf 73' lang='lat' dir='ltr'>unctionem,</span> <span class='ocrx_word' id='word_1_353' title='bbox 726 4916 848 4978; x_wconf 86' lang='lat' dir='ltr'>ordinem</span> <span class='ocrx_word' id='word_1_354' title='bbox 866 4923 892 4962; x_wconf 88' lang='lat' dir='ltr'>et</span> <span class='ocrx_word' id='word_1_355' title='bbox 908 4919 1041 4964; x_wconf 78' lang='lat' dir='ltr'>Matrime</span> 
     </span>
     <span class='ocr_line' id='line_1_55' title="bbox 288 4975 1041 5042; baseline 0.017 -25"><span class='ocrx_word' id='word_1_356' title='bbox 288 4975 374 5020; x_wconf 93' lang='lat' dir='ltr'>nium:</span> <span class='ocrx_word' id='word_1_357' title='bbox 397 4977 495 5035; x_wconf 88' lang='lat' dir='ltr'>iliaque</span> <span class='ocrx_word' id='word_1_358' title='bbox 518 4982 634 5037; x_wconf 78' lang='lat' dir='ltr'>gratiam</span> <span class='ocrx_word' id='word_1_359' title='bbox 649 4985 777 5040; x_wconf 81' lang='lat' dir='ltr'>conterre,</span> <span class='ocrx_word' id='word_1_360' title='bbox 797 4987 823 5029; x_wconf 91' lang='lat' dir='ltr'>et</span> <span class='ocrx_word' id='word_1_361' title='bbox 843 4998 873 5029; x_wconf 87' lang='lat' dir='ltr'>ex</span> <span class='ocrx_word' id='word_1_362' title='bbox 894 4985 936 5030; x_wconf 91' lang='lat' dir='ltr'>his</span> <span class='ocrx_word' id='word_1_363' title='bbox 955 4985 1041 5042; x_wconf 87' lang='lat' dir='ltr'>Bapti-</span> 
     </span>
     <span class='ocr_line' id='line_1_56' title="bbox 286 5045 1040 5108; baseline 0.017 -23"><span class='ocrx_word' id='word_1_364' title='bbox 286 5051 383 5098; x_wconf 87' lang='lat' dir='ltr'>smum,</span> <span class='ocrx_word' id='word_1_365' title='bbox 399 5045 632 5093; x_wconf 80' lang='lat' dir='ltr'>confirmationem</span> <span class='ocrx_word' id='word_1_366' title='bbox 647 5053 674 5094; x_wconf 91' lang='lat' dir='ltr'>et</span> <span class='ocrx_word' id='word_1_367' title='bbox 688 5050 813 5094; x_wconf 90' lang='lat' dir='ltr'>ordinem</span> <span class='ocrx_word' id='word_1_368' title='bbox 829 5051 885 5096; x_wconf 91' lang='lat' dir='ltr'>sine</span> <span class='ocrx_word' id='word_1_369' title='bbox 901 5052 1040 5108; x_wconf 78' lang='lat' dir='ltr'>sacrilegio</span> 
     </span>
     <span class='ocr_line' id='line_1_57' title="bbox 288 5109 579 5170; baseline 0.024 -18"><span class='ocrx_word' id='word_1_370' title='bbox 288 5109 411 5156; x_wconf 88' lang='lat' dir='ltr'>reiterari</span> <span class='ocrx_word' id='word_1_371' title='bbox 427 5123 479 5158; x_wconf 91' lang='lat' dir='ltr'>non</span> <span class='ocrx_word' id='word_1_372' title='bbox 494 5125 579 5170; x_wconf 88' lang='lat' dir='ltr'>posse.</span> 
     </span>
    </p>

    <p class='ocr_par' dir='ltr' id='par_1_11' title="bbox 286 5179 1039 5424">
     <span class='ocr_line' id='line_1_58' title="bbox 326 5179 1039 5240; baseline 0.018 -21"><span class='ocrx_word' id='word_1_373' title='bbox 326 5179 388 5226; x_wconf 78' lang='lat' dir='ltr'>sib.</span> <span class='ocrx_word' id='word_1_374' title='bbox 409 5181 536 5236; x_wconf 83' lang='lat' dir='ltr'>Receptos</span> <span class='ocrx_word' id='word_1_375' title='bbox 555 5193 658 5239; x_wconf 85' lang='lat' dir='ltr'>quoque</span> <span class='ocrx_word' id='word_1_376' title='bbox 681 5186 707 5228; x_wconf 91' lang='lat' dir='ltr'>et</span> <span class='ocrx_word' id='word_1_377' title='bbox 726 5185 885 5240; x_wconf 88' lang='lat' dir='ltr'>approbatos</span> <span class='ocrx_word' id='word_1_378' title='bbox 907 5185 1039 5232; x_wconf 86' lang='lat' dir='ltr'>Ecclesiae</span> 
     </span>
     <span class='ocr_line' id='line_1_59' title="bbox 286 5243 1039 5305; baseline 0.013 -17"><span class='ocrx_word' id='word_1_379' title='bbox 286 5243 432 5290; x_wconf 87' lang='lat' dir='ltr'>catholicae</span> <span class='ocrx_word' id='word_1_380' title='bbox 447 5247 517 5292; x_wconf 88' lang='lat' dir='ltr'>ritus</span> <span class='ocrx_word' id='word_1_381' title='bbox 532 5246 558 5292; x_wconf 89' lang='grc' dir='ltr'>ιιι</span> <span class='ocrx_word' id='word_1_382' title='bbox 575 5249 791 5305; x_wconf 87' lang='lat' dir='ltr'>supradictorum</span> <span class='ocrx_word' id='word_1_383' title='bbox 813 5252 932 5296; x_wconf 90' lang='lat' dir='ltr'>omnium</span> <span class='ocrx_word' id='word_1_384' title='bbox 956 5263 1039 5298; x_wconf 89' lang='lat' dir='ltr'>sacra·</span> 
     </span>
     <span class='ocr_line' id='line_1_60' title="bbox 287 5313 1036 5374; baseline 0.013 -20"><span class='ocrx_word' id='word_1_385' title='bbox 287 5313 437 5356; x_wconf 85' lang='lat' dir='ltr'>mentorum</span> <span class='ocrx_word' id='word_1_386' title='bbox 453 5313 565 5359; x_wconf 87' lang='lat' dir='ltr'>solemni</span> <span class='ocrx_word' id='word_1_387' title='bbox 580 5315 822 5370; x_wconf 86' lang='lat' dir='ltr'>administratione,</span> <span class='ocrx_word' id='word_1_388' title='bbox 843 5318 941 5374; x_wconf 84' lang='lat' dir='ltr'>recipio</span> <span class='ocrx_word' id='word_1_389' title='bbox 955 5323 981 5363; x_wconf 93' lang='lat' dir='ltr'>et</span> <span class='ocrx_word' id='word_1_390' title='bbox 995 5320 1036 5364; x_wconf 93' lang='lat' dir='ltr'>ad-</span> 
     </span>
     <span class='ocr_line' id='line_1_61' title="bbox 286 5378 372 5424; baseline 0 -2"><span class='ocrx_word' id='word_1_391' title='bbox 286 5378 372 5424; x_wconf 87' lang='lat' dir='ltr'>mitto.</span> 
     </span>
    </p>

    <p class='ocr_par' dir='ltr' id='par_1_12' title="bbox 285 5449 1038 5707">
     <span class='ocr_line' id='line_1_62' title="bbox 325 5449 1037 5508; baseline 0.003 -13"><span class='ocrx_word' id='word_1_392' title='bbox 325 5449 385 5495; x_wconf 73' lang='lat' dir='ltr'>all.</span> <span class='ocrx_word' id='word_1_393' title='bbox 402 5449 495 5494; x_wconf 89' lang='lat' dir='ltr'>Omnia</span> <span class='ocrx_word' id='word_1_394' title='bbox 516 5451 542 5494; x_wconf 89' lang='lat' dir='ltr'>et</span> <span class='ocrx_word' id='word_1_395' title='bbox 561 5449 676 5506; x_wconf 77' lang='lat' dir='ltr'>singula,</span> <span class='ocrx_word' id='word_1_396' title='bbox 695 5462 762 5507; x_wconf 87' lang='lat' dir='ltr'>quae</span> <span class='ocrx_word' id='word_1_397' title='bbox 780 5451 811 5496; x_wconf 91' lang='lat' dir='ltr'>de</span> <span class='ocrx_word' id='word_1_398' title='bbox 831 5453 937 5508; x_wconf 92' lang='lat' dir='ltr'>peccato</span> <span class='ocrx_word' id='word_1_399' title='bbox 958 5453 1037 5508; x_wconf 78' lang='lat' dir='ltr'>origi·</span> 
     </span>
     <span class='ocr_line' id='line_1_63' title="bbox 286 5513 1038 5564; baseline 0.008 -6"><span class='ocrx_word' id='word_1_400' title='bbox 286 5513 340 5558; x_wconf 89' lang='lat' dir='ltr'>nali</span> <span class='ocrx_word' id='word_1_401' title='bbox 363 5517 390 5558; x_wconf 90' lang='lat' dir='ltr'>et</span> <span class='ocrx_word' id='word_1_402' title='bbox 406 5513 438 5559; x_wconf 92' lang='lat' dir='ltr'>de</span> <span class='ocrx_word' id='word_1_403' title='bbox 458 5515 648 5562; x_wconf 82' lang='lat' dir='ltr'>iustificatione</span> <span class='ocrx_word' id='word_1_404' title='bbox 668 5517 695 5562; x_wconf 94' lang='grc' dir='ltr'>ιιι</span> <span class='ocrx_word' id='word_1_405' title='bbox 714 5521 868 5564; x_wconf 88' lang='lat' dir='ltr'>sacrosanta</span> <span class='ocrx_word' id='word_1_406' title='bbox 883 5517 1038 5564; x_wconf 71' lang='lat' dir='ltr'>&#39;tridentina</span> 
     </span>
     <span class='ocr_line' id='line_1_64' title="bbox 285 5582 1038 5643; baseline 0.009 -18"><span class='ocrx_word' id='word_1_407' title='bbox 285 5582 385 5637; x_wconf 78' lang='lat' dir='ltr'>synodo</span> <span class='ocrx_word' id='word_1_408' title='bbox 405 5583 515 5630; x_wconf 73' lang='lat' dir='ltr'>«tenuas</span> <span class='ocrx_word' id='word_1_409' title='bbox 529 5589 556 5630; x_wconf 92' lang='lat' dir='ltr'>et</span> <span class='ocrx_word' id='word_1_410' title='bbox 571 5585 707 5632; x_wconf 86' lang='lat' dir='ltr'>declarata</span> <span class='ocrx_word' id='word_1_411' title='bbox 721 5586 837 5641; x_wconf 79' lang='lat' dir='ltr'>fuerunt,</span> <span class='ocrx_word' id='word_1_412' title='bbox 851 5586 997 5643; x_wconf 86' lang='lat' dir='ltr'>amplector</span> <span class='ocrx_word' id='word_1_413' title='bbox 1011 5593 1038 5632; x_wconf 90' lang='lat' dir='ltr'>et</span> 
     </span>
     <span class='ocr_line' id='line_1_65' title="bbox 285 5649 390 5707; baseline 0.029 -15"><span class='ocrx_word' id='word_1_414' title='bbox 285 5649 390 5707; x_wconf 82' lang='lat' dir='ltr'>recipio.</span> 
     </span>
    </p>

    <p class='ocr_par' dir='ltr' id='par_1_13' title="bbox 286 5719 1039 6045">
     <span class='ocr_line' id='line_1_66' title="bbox 325 5719 1037 5776; baseline -0.003 -10"><span class='ocrx_word' id='word_1_415' title='bbox 325 5723 338 5766; x_wconf 74' lang='lat' dir='ltr'>t</span> <span class='ocrx_word' id='word_1_416' title='bbox 350 5719 381 5762; x_wconf 76' lang='lat' dir='ltr'>it.</span> <span class='ocrx_word' id='word_1_417' title='bbox 393 5719 521 5765; x_wconf 85' lang='lat' dir='ltr'>Proilteor</span> <span class='ocrx_word' id='word_1_418' title='bbox 531 5720 633 5776; x_wconf 92' lang='lat' dir='ltr'>pariter</span> <span class='ocrx_word' id='word_1_419' title='bbox 645 5721 672 5766; x_wconf 92' lang='grc' dir='ltr'>ιιι</span> <span class='ocrx_word' id='word_1_420' title='bbox 683 5721 764 5766; x_wconf 89' lang='lat' dir='ltr'>missa</span> <span class='ocrx_word' id='word_1_421' title='bbox 774 5719 862 5766; x_wconf 85' lang='lat' dir='ltr'>oiierri</span> <span class='ocrx_word' id='word_1_422' title='bbox 874 5723 925 5766; x_wconf 88' lang='lat' dir='ltr'>heo</span> <span class='ocrx_word' id='word_1_423' title='bbox 937 5731 1037 5775; x_wconf 87' lang='lat' dir='ltr'>verum,</span> 
     </span>
     <span class='ocr_line' id='line_1_67' title="bbox 287 5787 1036 5846; baseline 0.007 -17"><span class='ocrx_word' id='word_1_424' title='bbox 287 5787 423 5842; x_wconf 91' lang='lat' dir='ltr'>proprium</span> <span class='ocrx_word' id='word_1_425' title='bbox 444 5789 469 5832; x_wconf 89' lang='lat' dir='ltr'>et</span> <span class='ocrx_word' id='word_1_426' title='bbox 487 5787 702 5844; x_wconf 88' lang='lat' dir='ltr'>propitiatorium</span> <span class='ocrx_word' id='word_1_427' title='bbox 724 5789 884 5834; x_wconf 83' lang='lat' dir='ltr'>sacrificium</span> <span class='ocrx_word' id='word_1_428' title='bbox 905 5799 952 5846; x_wconf 91' lang='lat' dir='ltr'>pro</span> <span class='ocrx_word' id='word_1_429' title='bbox 970 5789 1036 5834; x_wconf 85' lang='lat' dir='ltr'>vivis</span> 
     </span>
     <span class='ocr_line' id='line_1_68' title="bbox 287 5853 1037 5911; baseline 0.005 -15"><span class='ocrx_word' id='word_1_430' title='bbox 287 5859 313 5897; x_wconf 85' lang='lat' dir='ltr'>at</span> <span class='ocrx_word' id='word_1_431' title='bbox 327 5853 466 5909; x_wconf 87' lang='lat' dir='ltr'>deinnotis,</span> <span class='ocrx_word' id='word_1_432' title='bbox 481 5858 561 5911; x_wconf 90' lang='lat' dir='ltr'>atque</span> <span class='ocrx_word' id='word_1_433' title='bbox 577 5855 604 5900; x_wconf 91' lang='lat' dir='ltr'>in</span> <span class='ocrx_word' id='word_1_434' title='bbox 620 5856 789 5901; x_wconf 87' lang='lat' dir='ltr'>sanctissimo</span> <span class='ocrx_word' id='word_1_435' title='bbox 803 5856 988 5900; x_wconf 83' lang='lat' dir='ltr'>Eucharistiae</span> <span class='ocrx_word' id='word_1_436' title='bbox 998 5866 1037 5900; x_wconf 88' lang='lat' dir='ltr'>sa·</span> 
     </span>
     <span class='ocr_line' id='line_1_69' title="bbox 286 5922 1039 5976; baseline 0.005 -13"><span class='ocrx_word' id='word_1_437' title='bbox 286 5923 423 5965; x_wconf 86' lang='lat' dir='ltr'>eramento</span> <span class='ocrx_word' id='word_1_438' title='bbox 437 5932 494 5966; x_wconf 89' lang='lat' dir='ltr'>esse</span> <span class='ocrx_word' id='word_1_439' title='bbox 511 5933 579 5976; x_wconf 81' lang='lat' dir='ltr'>vere,</span> <span class='ocrx_word' id='word_1_440' title='bbox 594 5923 705 5968; x_wconf 85' lang='lat' dir='ltr'>realiter</span> <span class='ocrx_word' id='word_1_441' title='bbox 719 5927 744 5967; x_wconf 91' lang='lat' dir='ltr'>et</span> <span class='ocrx_word' id='word_1_442' title='bbox 756 5922 971 5968; x_wconf 87' lang='lat' dir='ltr'>substantialiter</span> <span class='ocrx_word' id='word_1_443' title='bbox 982 5926 1039 5967; x_wconf 87' lang='lat' dir='ltr'>Cor-</span> 
     </span>
     <span class='ocr_line' id='line_1_70' title="bbox 286 5989 1039 6045; baseline 0.003 -13"><span class='ocrx_word' id='word_1_444' title='bbox 286 5999 335 6044; x_wconf 89' lang='lat' dir='ltr'>pus</span> <span class='ocrx_word' id='word_1_445' title='bbox 350 5990 377 6032; x_wconf 88' lang='lat' dir='ltr'>et</span> <span class='ocrx_word' id='word_1_446' title='bbox 393 5989 569 6045; x_wconf 81' lang='lat' dir='ltr'>Sanguinem,</span> <span class='ocrx_word' id='word_1_447' title='bbox 585 5999 640 6034; x_wconf 92' lang='lat' dir='ltr'>una</span> <span class='ocrx_word' id='word_1_448' title='bbox 659 6001 718 6034; x_wconf 88' lang='lat' dir='ltr'>cum</span> <span class='ocrx_word' id='word_1_449' title='bbox 739 5989 828 6036; x_wconf 90' lang='lat' dir='ltr'>anima</span> <span class='ocrx_word' id='word_1_450' title='bbox 847 5992 874 6034; x_wconf 92' lang='lat' dir='ltr'>et</span> <span class='ocrx_word' id='word_1_451' title='bbox 892 5989 1039 6045; x_wconf 83' lang='lat' dir='ltr'>divinitate,</span> 
     </span>
    </p>
   </div>
   <div class='ocr_carea' id='block_1_7' title="bbox 395 6077 1094 6163">
    <p class='ocr_par' dir='ltr' id='par_1_14' title="bbox 395 6077 1094 6163">
     <span class='ocr_line' id='line_1_71' title="bbox 395 6077 1094 6163; baseline 0.003 -11"><span class='ocrx_word' id='word_1_452' title='bbox 395 6112 454 6152; x_wconf 84' lang='lat' dir='ltr'>Iur.</span> <span class='ocrx_word' id='word_1_453' title='bbox 470 6113 546 6154; x_wconf 79' lang='lat' dir='ltr'>Pena</span> <span class='ocrx_word' id='word_1_454' title='bbox 562 6114 594 6154; x_wconf 84' lang='lat' dir='ltr'>de</span> <span class='ocrx_word' id='word_1_455' title='bbox 608 6113 688 6163; x_wconf 72' lang='lat' dir='ltr'>Pron.</span> <span class='ocrx_word' id='word_1_456' title='bbox 704 6113 767 6154; x_wconf 72' lang='lat' dir='ltr'>litte</span> <span class='ocrx_word' id='word_1_457' title='bbox 782 6111 867 6155; x_wconf 84' lang='lat' dir='ltr'>Partis</span> <span class='ocrx_word' id='word_1_458' title='bbox 882 6113 900 6156; x_wconf 92' lang='lat' dir='ltr'>i.</span> <span class='ocrx_word' id='word_1_459' title='bbox 916 6111 970 6155; x_wconf 90' lang='lat' dir='ltr'>vol.</span> <span class='ocrx_word' id='word_1_460' title='bbox 986 6114 1037 6154; x_wconf 86' lang='lat' dir='ltr'>Vll.</span> <span class='ocrx_word' id='word_1_461' title='bbox 1086 6077 1094 6094; x_wconf 46' lang='grc' dir='ltr'>Ι</span> 
     </span>
    </p>
   </div>
   <div class='ocr_carea' id='block_1_8' title="bbox 1772 591 1831 660">
    <p class='ocr_par' dir='ltr' id='par_1_15' title="bbox 1772 591 1831 660">
     <span class='ocr_line' id='line_1_72' title="bbox 1772 591 1831 660; baseline 0 0"><span class='ocrx_word' id='word_1_462' title='bbox 1772 591 1831 660; x_wconf 80' lang='lat' dir='ltr'>sot</span> 
     </span>
    </p>
   </div>
   <div class='ocr_carea' id='block_1_9' title="bbox 1095 725 1849 2954">
    <p class='ocr_par' dir='ltr' id='par_1_16' title="bbox 1095 725 1849 2954">
     <span class='ocr_line' id='line_1_73' title="bbox 1100 725 1849 794; baseline 0.013 -10"><span class='ocrx_word' id='word_1_463' title='bbox 1100 725 1212 786; x_wconf 90' lang='lat' dir='ltr'>billum</span> <span class='ocrx_word' id='word_1_464' title='bbox 1246 728 1390 790; x_wconf 90' lang='lat' dir='ltr'>omnium</span> <span class='ocrx_word' id='word_1_465' title='bbox 1424 735 1456 791; x_wconf 89' lang='lat' dir='ltr'>et</span> <span class='ocrx_word' id='word_1_466' title='bbox 1488 729 1709 794; x_wconf 86' lang='lat' dir='ltr'>invisibilium.</span> <span class='ocrx_word' id='word_1_467' title='bbox 1746 731 1787 794; x_wconf 87' lang='lat' dir='ltr'>Et</span> <span class='ocrx_word' id='word_1_468' title='bbox 1817 731 1849 794; x_wconf 90' lang='lat' dir='ltr'>in</span> 
     </span>
     <span class='ocr_line' id='line_1_74' title="bbox 1099 819 1848 897; baseline 0.011 -19"><span class='ocrx_word' id='word_1_469' title='bbox 1099 833 1199 879; x_wconf 91' lang='lat' dir='ltr'>unum</span> <span class='ocrx_word' id='word_1_470' title='bbox 1224 819 1394 882; x_wconf 89' lang='lat' dir='ltr'>Dominum</span> <span class='ocrx_word' id='word_1_471' title='bbox 1419 821 1523 884; x_wconf 87' lang='lat' dir='ltr'>lesum</span> <span class='ocrx_word' id='word_1_472' title='bbox 1539 823 1715 897; x_wconf 84' lang='lat' dir='ltr'>Christum,</span> <span class='ocrx_word' id='word_1_473' title='bbox 1733 825 1848 888; x_wconf 83' lang='lat' dir='ltr'>Filium</span> 
     </span>
     <span class='ocr_line' id='line_1_75' title="bbox 1099 910 1849 989; baseline 0.011 -17"><span class='ocrx_word' id='word_1_474' title='bbox 1099 910 1154 972; x_wconf 89' lang='lat' dir='ltr'>Dei</span> <span class='ocrx_word' id='word_1_475' title='bbox 1178 913 1393 989; x_wconf 82' lang='lat' dir='ltr'>unigenitum,</span> <span class='ocrx_word' id='word_1_476' title='bbox 1417 924 1450 978; x_wconf 90' lang='lat' dir='ltr'>et</span> <span class='ocrx_word' id='word_1_477' title='bbox 1471 932 1509 978; x_wconf 85' lang='lat' dir='ltr'>ex</span> <span class='ocrx_word' id='word_1_478' title='bbox 1533 917 1624 979; x_wconf 89' lang='lat' dir='ltr'>Patre</span> <span class='ocrx_word' id='word_1_479' title='bbox 1646 924 1756 980; x_wconf 90' lang='lat' dir='ltr'>natum</span> <span class='ocrx_word' id='word_1_480' title='bbox 1776 925 1849 980; x_wconf 88' lang='lat' dir='ltr'>ante</span> 
     </span>
     <span class='ocr_line' id='line_1_76' title="bbox 1100 1005 1849 1083; baseline 0.012 -19"><span class='ocrx_word' id='word_1_481' title='bbox 1100 1005 1205 1065; x_wconf 90' lang='lat' dir='ltr'>omnia</span> <span class='ocrx_word' id='word_1_482' title='bbox 1237 1007 1380 1083; x_wconf 81' lang='lat' dir='ltr'>saecula3</span> <span class='ocrx_word' id='word_1_483' title='bbox 1414 1009 1515 1070; x_wconf 86' lang='lat' dir='ltr'>Deum</span> <span class='ocrx_word' id='word_1_484' title='bbox 1546 1010 1586 1071; x_wconf 90' lang='lat' dir='ltr'>de</span> <span class='ocrx_word' id='word_1_485' title='bbox 1616 1010 1699 1082; x_wconf 85' lang='lat' dir='ltr'>lieo,</span> <span class='ocrx_word' id='word_1_486' title='bbox 1737 1011 1849 1072; x_wconf 90' lang='lat' dir='ltr'>lumen</span> 
     </span>
     <span class='ocr_line' id='line_1_77' title="bbox 1099 1097 1847 1178; baseline 0.011 -20"><span class='ocrx_word' id='word_1_487' title='bbox 1099 1097 1138 1158; x_wconf 87' lang='lat' dir='ltr'>de</span> <span class='ocrx_word' id='word_1_488' title='bbox 1161 1097 1302 1172; x_wconf 84' lang='lat' dir='ltr'>lumine3</span> <span class='ocrx_word' id='word_1_489' title='bbox 1333 1100 1433 1162; x_wconf 86' lang='lat' dir='ltr'>Deum</span> <span class='ocrx_word' id='word_1_490' title='bbox 1463 1116 1577 1163; x_wconf 87' lang='lat' dir='ltr'>verum</span> <span class='ocrx_word' id='word_1_491' title='bbox 1602 1102 1642 1163; x_wconf 90' lang='lat' dir='ltr'>de</span> <span class='ocrx_word' id='word_1_492' title='bbox 1662 1102 1728 1165; x_wconf 87' lang='lat' dir='ltr'>beo</span> <span class='ocrx_word' id='word_1_493' title='bbox 1750 1118 1847 1178; x_wconf 77' lang='grc' dir='ltr'>νοτυς</span> 
     </span>
     <span class='ocr_line' id='line_1_78' title="bbox 1099 1191 1847 1266; baseline 0.011 -15"><span class='ocrx_word' id='word_1_494' title='bbox 1099 1191 1244 1266; x_wconf 82' lang='lat' dir='ltr'>genitum</span> <span class='ocrx_word' id='word_1_495' title='bbox 1278 1210 1343 1255; x_wconf 91' lang='lat' dir='ltr'>non</span> <span class='ocrx_word' id='word_1_496' title='bbox 1375 1193 1510 1266; x_wconf 87' lang='lat' dir='ltr'>iactum,</span> <span class='ocrx_word' id='word_1_497' title='bbox 1543 1195 1847 1259; x_wconf 85' lang='lat' dir='ltr'>consubstantialem</span> 
     </span>
     <span class='ocr_line' id='line_1_79' title="bbox 1099 1285 1847 1368; baseline 0.009 -23"><span class='ocrx_word' id='word_1_498' title='bbox 1099 1285 1199 1358; x_wconf 82' lang='lat' dir='ltr'>Patri,</span> <span class='ocrx_word' id='word_1_499' title='bbox 1231 1302 1287 1364; x_wconf 91' lang='lat' dir='ltr'>per</span> <span class='ocrx_word' id='word_1_500' title='bbox 1315 1302 1413 1365; x_wconf 84' lang='lat' dir='ltr'>quem</span> <span class='ocrx_word' id='word_1_501' title='bbox 1443 1287 1548 1350; x_wconf 92' lang='lat' dir='ltr'>omnia</span> <span class='ocrx_word' id='word_1_502' title='bbox 1575 1287 1653 1351; x_wconf 91' lang='lat' dir='ltr'>iacta</span> <span class='ocrx_word' id='word_1_503' title='bbox 1675 1297 1766 1352; x_wconf 91' lang='lat' dir='ltr'>sunt:</span> <span class='ocrx_word' id='word_1_504' title='bbox 1793 1291 1847 1368; x_wconf 85' lang='lat' dir='ltr'>qui</span> 
     </span>
     <span class='ocr_line' id='line_1_80' title="bbox 1099 1381 1847 1462; baseline 0.009 -23"><span class='ocrx_word' id='word_1_505' title='bbox 1099 1385 1231 1457; x_wconf 89' lang='lat' dir='ltr'>propter</span> <span class='ocrx_word' id='word_1_506' title='bbox 1253 1397 1310 1441; x_wconf 87' lang='lat' dir='ltr'>nos</span> <span class='ocrx_word' id='word_1_507' title='bbox 1333 1381 1493 1455; x_wconf 88' lang='lat' dir='ltr'>homines,</span> <span class='ocrx_word' id='word_1_508' title='bbox 1510 1389 1542 1444; x_wconf 85' lang='lat' dir='ltr'>et</span> <span class='ocrx_word' id='word_1_509' title='bbox 1558 1389 1689 1462; x_wconf 90' lang='lat' dir='ltr'>propter</span> <span class='ocrx_word' id='word_1_510' title='bbox 1705 1390 1847 1446; x_wconf 89' lang='lat' dir='ltr'>nostram</span> 
     </span>
     <span class='ocr_line' id='line_1_81' title="bbox 1098 1471 1848 1552; baseline 0.011 -21"><span class='ocrx_word' id='word_1_511' title='bbox 1098 1471 1232 1533; x_wconf 89' lang='lat' dir='ltr'>salutem</span> <span class='ocrx_word' id='word_1_512' title='bbox 1256 1473 1420 1535; x_wconf 88' lang='lat' dir='ltr'>descendit</span> <span class='ocrx_word' id='word_1_513' title='bbox 1442 1474 1480 1536; x_wconf 88' lang='lat' dir='ltr'>de</span> <span class='ocrx_word' id='word_1_514' title='bbox 1502 1475 1615 1552; x_wconf 88' lang='lat' dir='ltr'>caelis;</span> <span class='ocrx_word' id='word_1_515' title='bbox 1647 1482 1679 1538; x_wconf 88' lang='lat' dir='ltr'>et</span> <span class='ocrx_word' id='word_1_516' title='bbox 1706 1477 1848 1539; x_wconf 91' lang='lat' dir='ltr'>incarna-</span> 
     </span>
     <span class='ocr_line' id='line_1_82' title="bbox 1100 1565 1847 1644; baseline 0.007 -19"><span class='ocrx_word' id='word_1_517' title='bbox 1100 1571 1150 1625; x_wconf 89' lang='lat' dir='ltr'>tus</span> <span class='ocrx_word' id='word_1_518' title='bbox 1172 1573 1221 1627; x_wconf 88' lang='lat' dir='ltr'>est</span> <span class='ocrx_word' id='word_1_519' title='bbox 1242 1566 1281 1628; x_wconf 90' lang='lat' dir='ltr'>de</span> <span class='ocrx_word' id='word_1_520' title='bbox 1303 1565 1424 1644; x_wconf 89' lang='lat' dir='ltr'>Spiritu</span> <span class='ocrx_word' id='word_1_521' title='bbox 1448 1567 1562 1630; x_wconf 83' lang='lat' dir='ltr'>Sancto</span> <span class='ocrx_word' id='word_1_522' title='bbox 1584 1585 1624 1632; x_wconf 84' lang='lat' dir='ltr'>ex</span> <span class='ocrx_word' id='word_1_523' title='bbox 1655 1570 1748 1631; x_wconf 86' lang='lat' dir='ltr'>Maria</span> <span class='ocrx_word' id='word_1_524' title='bbox 1777 1569 1847 1632; x_wconf 80' lang='lat' dir='ltr'>Vir-</span> 
     </span>
     <span class='ocr_line' id='line_1_83' title="bbox 1099 1657 1845 1734; baseline 0.009 -15"><span class='ocrx_word' id='word_1_525' title='bbox 1099 1657 1184 1734; x_wconf 82' lang='lat' dir='ltr'>gine,</span> <span class='ocrx_word' id='word_1_526' title='bbox 1201 1668 1233 1721; x_wconf 87' lang='lat' dir='ltr'>et</span> <span class='ocrx_word' id='word_1_527' title='bbox 1247 1660 1345 1722; x_wconf 93' lang='lat' dir='ltr'>homo</span> <span class='ocrx_word' id='word_1_528' title='bbox 1362 1660 1460 1724; x_wconf 87' lang='lat' dir='ltr'>iactus</span> <span class='ocrx_word' id='word_1_529' title='bbox 1476 1669 1534 1724; x_wconf 89' lang='lat' dir='ltr'>est.</span> <span class='ocrx_word' id='word_1_530' title='bbox 1556 1662 1735 1725; x_wconf 81' lang='lat' dir='ltr'>Crucifixus</span> <span class='ocrx_word' id='word_1_531' title='bbox 1751 1663 1845 1726; x_wconf 89' lang='lat' dir='ltr'>etiam</span> 
     </span>
     <span class='ocr_line' id='line_1_84' title="bbox 1099 1753 1848 1835; baseline 0.011 -23"><span class='ocrx_word' id='word_1_532' title='bbox 1099 1766 1155 1829; x_wconf 89' lang='lat' dir='ltr'>pro</span> <span class='ocrx_word' id='word_1_533' title='bbox 1178 1753 1271 1814; x_wconf 93' lang='lat' dir='ltr'>nobis</span> <span class='ocrx_word' id='word_1_534' title='bbox 1292 1755 1352 1815; x_wconf 90' lang='lat' dir='ltr'>sub</span> <span class='ocrx_word' id='word_1_535' title='bbox 1381 1754 1493 1818; x_wconf 90' lang='lat' dir='ltr'>Pontio</span> <span class='ocrx_word' id='word_1_536' title='bbox 1522 1755 1633 1828; x_wconf 85' lang='lat' dir='ltr'>Pilato,</span> <span class='ocrx_word' id='word_1_537' title='bbox 1664 1771 1785 1835; x_wconf 88' lang='lat' dir='ltr'>passus,</span> <span class='ocrx_word' id='word_1_538' title='bbox 1816 1765 1848 1820; x_wconf 86' lang='lat' dir='ltr'>et</span> 
     </span>
     <span class='ocr_line' id='line_1_85' title="bbox 1097 1846 1847 1923; baseline 0.011 -18"><span class='ocrx_word' id='word_1_539' title='bbox 1097 1846 1243 1923; x_wconf 87' lang='lat' dir='ltr'>sepultus</span> <span class='ocrx_word' id='word_1_540' title='bbox 1265 1854 1322 1909; x_wconf 87' lang='lat' dir='ltr'>est.</span> <span class='ocrx_word' id='word_1_541' title='bbox 1347 1849 1386 1910; x_wconf 88' lang='lat' dir='ltr'>Et</span> <span class='ocrx_word' id='word_1_542' title='bbox 1407 1852 1587 1912; x_wconf 84' lang='lat' dir='ltr'>resurrexit</span> <span class='ocrx_word' id='word_1_543' title='bbox 1612 1851 1705 1912; x_wconf 89' lang='lat' dir='ltr'>tertia</span> <span class='ocrx_word' id='word_1_544' title='bbox 1727 1851 1778 1913; x_wconf 89' lang='lat' dir='ltr'>die</span> <span class='ocrx_word' id='word_1_545' title='bbox 1798 1867 1847 1913; x_wconf 90' lang='lat' dir='ltr'>se·</span> 
     </span>
     <span class='ocr_line' id='line_1_86' title="bbox 1097 1940 1845 2020; baseline 0.007 -19"><span class='ocrx_word' id='word_1_546' title='bbox 1097 1941 1237 2002; x_wconf 89' lang='lat' dir='ltr'>cundum</span> <span class='ocrx_word' id='word_1_547' title='bbox 1252 1940 1447 2020; x_wconf 87' lang='lat' dir='ltr'>Scripturas:</span> <span class='ocrx_word' id='word_1_548' title='bbox 1466 1950 1498 2005; x_wconf 90' lang='lat' dir='ltr'>et</span> <span class='ocrx_word' id='word_1_549' title='bbox 1509 1945 1651 2006; x_wconf 87' lang='lat' dir='ltr'>ascendit</span> <span class='ocrx_word' id='word_1_550' title='bbox 1665 1945 1697 2007; x_wconf 93' lang='grc' dir='ltr'>ιιι</span> <span class='ocrx_word' id='word_1_551' title='bbox 1710 1945 1845 2019; x_wconf 82' lang='lat' dir='ltr'>caelum,</span> 
     </span>
     <span class='ocr_line' id='line_1_87' title="bbox 1097 2035 1846 2101; baseline 0.011 -7"><span class='ocrx_word' id='word_1_552' title='bbox 1097 2035 1188 2096; x_wconf 88' lang='lat' dir='ltr'>sedet</span> <span class='ocrx_word' id='word_1_553' title='bbox 1209 2035 1245 2096; x_wconf 89' lang='lat' dir='ltr'>ad</span> <span class='ocrx_word' id='word_1_554' title='bbox 1268 2035 1433 2098; x_wconf 85' lang='lat' dir='ltr'>dexteram</span> <span class='ocrx_word' id='word_1_555' title='bbox 1451 2036 1562 2098; x_wconf 88' lang='lat' dir='ltr'>Patris.</span> <span class='ocrx_word' id='word_1_556' title='bbox 1580 2037 1753 2100; x_wconf 75' lang='lat' dir='ltr'>etiterum</span> <span class='ocrx_word' id='word_1_557' title='bbox 1769 2053 1846 2101; x_wconf 87' lang='lat' dir='ltr'>ven-</span> 
     </span>
     <span class='ocr_line' id='line_1_88' title="bbox 1099 2128 1847 2206; baseline 0.007 -19"><span class='ocrx_word' id='word_1_558' title='bbox 1099 2133 1189 2188; x_wconf 90' lang='lat' dir='ltr'>turus</span> <span class='ocrx_word' id='word_1_559' title='bbox 1218 2135 1267 2188; x_wconf 88' lang='lat' dir='ltr'>est</span> <span class='ocrx_word' id='word_1_560' title='bbox 1295 2144 1367 2190; x_wconf 88' lang='lat' dir='ltr'>cum</span> <span class='ocrx_word' id='word_1_561' title='bbox 1398 2128 1499 2206; x_wconf 82' lang='lat' dir='ltr'>gloria</span> <span class='ocrx_word' id='word_1_562' title='bbox 1527 2130 1667 2192; x_wconf 88' lang='lat' dir='ltr'>iudicare</span> <span class='ocrx_word' id='word_1_563' title='bbox 1696 2131 1786 2193; x_wconf 89' lang='lat' dir='ltr'>vivos</span> <span class='ocrx_word' id='word_1_564' title='bbox 1815 2138 1847 2193; x_wconf 88' lang='lat' dir='ltr'>et</span> 
     </span>
     <span class='ocr_line' id='line_1_89' title="bbox 1097 2222 1847 2300; baseline 0.008 -19"><span class='ocrx_word' id='word_1_565' title='bbox 1097 2227 1253 2292; x_wconf 87' lang='lat' dir='ltr'>mortuos,</span> <span class='ocrx_word' id='word_1_566' title='bbox 1277 2222 1367 2283; x_wconf 92' lang='lat' dir='ltr'>cuius</span> <span class='ocrx_word' id='word_1_567' title='bbox 1394 2223 1486 2300; x_wconf 82' lang='lat' dir='ltr'>regni</span> <span class='ocrx_word' id='word_1_568' title='bbox 1516 2239 1580 2286; x_wconf 93' lang='lat' dir='ltr'>non</span> <span class='ocrx_word' id='word_1_569' title='bbox 1609 2225 1671 2286; x_wconf 90' lang='lat' dir='ltr'>erit</span> <span class='ocrx_word' id='word_1_570' title='bbox 1699 2225 1781 2286; x_wconf 81' lang='lat' dir='ltr'>linis.</span> <span class='ocrx_word' id='word_1_571' title='bbox 1807 2225 1847 2286; x_wconf 88' lang='lat' dir='ltr'>Et</span> 
     </span>
     <span class='ocr_line' id='line_1_90' title="bbox 1096 2311 1847 2390; baseline 0.007 -17"><span class='ocrx_word' id='word_1_572' title='bbox 1096 2313 1128 2373; x_wconf 92' lang='lat' dir='ltr'>in</span> <span class='ocrx_word' id='word_1_573' title='bbox 1151 2311 1306 2390; x_wconf 87' lang='lat' dir='ltr'>Spiritum</span> <span class='ocrx_word' id='word_1_574' title='bbox 1331 2313 1481 2376; x_wconf 86' lang='lat' dir='ltr'>Sanctum</span> <span class='ocrx_word' id='word_1_575' title='bbox 1505 2315 1688 2389; x_wconf 86' lang='lat' dir='ltr'>Dominum,</span> <span class='ocrx_word' id='word_1_576' title='bbox 1713 2324 1746 2379; x_wconf 91' lang='lat' dir='ltr'>et</span> <span class='ocrx_word' id='word_1_577' title='bbox 1765 2317 1847 2378; x_wconf 90' lang='grc' dir='ltr'>νινι-</span> 
     </span>
     <span class='ocr_line' id='line_1_91' title="bbox 1096 2406 1841 2489; baseline 0.004 -22"><span class='ocrx_word' id='word_1_578' title='bbox 1096 2406 1255 2478; x_wconf 88' lang='lat' dir='ltr'>ficantem,</span> <span class='ocrx_word' id='word_1_579' title='bbox 1280 2407 1334 2484; x_wconf 85' lang='lat' dir='ltr'>qui</span> <span class='ocrx_word' id='word_1_580' title='bbox 1358 2424 1398 2470; x_wconf 83' lang='lat' dir='ltr'>ex</span> <span class='ocrx_word' id='word_1_581' title='bbox 1414 2409 1505 2472; x_wconf 86' lang='lat' dir='ltr'>Patre</span> <span class='ocrx_word' id='word_1_582' title='bbox 1521 2409 1665 2486; x_wconf 81' lang='lat' dir='ltr'>Filioque</span> <span class='ocrx_word' id='word_1_583' title='bbox 1681 2411 1841 2489; x_wconf 87' lang='lat' dir='ltr'>procedit:</span> 
     </span>
     <span class='ocr_line' id='line_1_92' title="bbox 1096 2499 1844 2575; baseline 0.007 -16"><span class='ocrx_word' id='word_1_584' title='bbox 1096 2499 1150 2575; x_wconf 81' lang='lat' dir='ltr'>qui</span> <span class='ocrx_word' id='word_1_585' title='bbox 1179 2516 1252 2561; x_wconf 89' lang='lat' dir='ltr'>cum</span> <span class='ocrx_word' id='word_1_586' title='bbox 1281 2499 1372 2563; x_wconf 88' lang='lat' dir='ltr'>Patre</span> <span class='ocrx_word' id='word_1_587' title='bbox 1396 2509 1426 2562; x_wconf 92' lang='lat' dir='ltr'>et</span> <span class='ocrx_word' id='word_1_588' title='bbox 1451 2501 1530 2564; x_wconf 82' lang='lat' dir='ltr'>Filio</span> <span class='ocrx_word' id='word_1_589' title='bbox 1558 2503 1655 2566; x_wconf 90' lang='lat' dir='ltr'>simul</span> <span class='ocrx_word' id='word_1_590' title='bbox 1684 2504 1844 2575; x_wconf 87' lang='lat' dir='ltr'>adoratur,</span> 
     </span>
     <span class='ocr_line' id='line_1_93' title="bbox 1096 2593 1845 2675; baseline 0.001 -20"><span class='ocrx_word' id='word_1_591' title='bbox 1096 2600 1128 2655; x_wconf 91' lang='lat' dir='ltr'>et</span> <span class='ocrx_word' id='word_1_592' title='bbox 1156 2593 1437 2670; x_wconf 75' lang='lat' dir='ltr'>conglorificatur,</span> <span class='ocrx_word' id='word_1_593' title='bbox 1472 2595 1527 2672; x_wconf 86' lang='lat' dir='ltr'>qui</span> <span class='ocrx_word' id='word_1_594' title='bbox 1556 2595 1683 2658; x_wconf 88' lang='lat' dir='ltr'>locutus</span> <span class='ocrx_word' id='word_1_595' title='bbox 1712 2602 1760 2658; x_wconf 88' lang='lat' dir='ltr'>est</span> <span class='ocrx_word' id='word_1_596' title='bbox 1788 2611 1845 2675; x_wconf 92' lang='lat' dir='ltr'>per</span> 
     </span>
     <span class='ocr_line' id='line_1_94' title="bbox 1096 2686 1844 2764; baseline 0.004 -16"><span class='ocrx_word' id='word_1_597' title='bbox 1096 2686 1280 2764; x_wconf 88' lang='lat' dir='ltr'>Prophetas.</span> <span class='ocrx_word' id='word_1_598' title='bbox 1299 2686 1338 2748; x_wconf 88' lang='lat' dir='ltr'>Et</span> <span class='ocrx_word' id='word_1_599' title='bbox 1353 2704 1461 2760; x_wconf 88' lang='lat' dir='ltr'>unam,</span> <span class='ocrx_word' id='word_1_600' title='bbox 1477 2695 1628 2762; x_wconf 89' lang='lat' dir='ltr'>sanctam,</span> <span class='ocrx_word' id='word_1_601' title='bbox 1645 2689 1844 2762; x_wconf 86' lang='lat' dir='ltr'>catholicam,</span> 
     </span>
     <span class='ocr_line' id='line_1_95' title="bbox 1095 2779 1843 2858; baseline 0 -16"><span class='ocrx_word' id='word_1_602' title='bbox 1095 2779 1342 2858; x_wconf 87' lang='lat' dir='ltr'>ctapostolicam</span> <span class='ocrx_word' id='word_1_603' title='bbox 1360 2781 1545 2844; x_wconf 84' lang='lat' dir='ltr'>Ecclesiam.</span> <span class='ocrx_word' id='word_1_604' title='bbox 1562 2781 1727 2845; x_wconf 82' lang='lat' dir='ltr'>Confiteor</span> <span class='ocrx_word' id='word_1_605' title='bbox 1742 2798 1843 2845; x_wconf 91' lang='lat' dir='ltr'>unum</span> 
     </span>
     <span class='ocr_line' id='line_1_96' title="bbox 1095 2873 1847 2954; baseline 0.008 -22"><span class='ocrx_word' id='word_1_606' title='bbox 1095 2873 1253 2952; x_wconf 81' lang='lat' dir='ltr'>baptisma</span> <span class='ocrx_word' id='word_1_607' title='bbox 1267 2874 1299 2934; x_wconf 93' lang='lat' dir='ltr'>in</span> <span class='ocrx_word' id='word_1_608' title='bbox 1320 2875 1545 2937; x_wconf 88' lang='lat' dir='ltr'>remissionem</span> <span class='ocrx_word' id='word_1_609' title='bbox 1568 2883 1783 2954; x_wconf 87' lang='lat' dir='ltr'>peccatorum.</span> <span class='ocrx_word' id='word_1_610' title='bbox 1807 2875 1847 2938; x_wconf 83' lang='lat' dir='ltr'>Et</span> 
     </span>
    </p>
   </div>
   <div class='ocr_carea' id='block_1_10' title="bbox 1095 3105 1846 3498">
    <p class='ocr_par' dir='ltr' id='par_1_17' title="bbox 1095 3105 1846 3366">
     <span class='ocr_line' id='line_1_97' title="bbox 1095 3105 1841 3163; baseline 0.007 -13"><span class='ocrx_word' id='word_1_611' title='bbox 1095 3109 1120 3150; x_wconf 88' lang='lat' dir='ltr'>b.</span> <span class='ocrx_word' id='word_1_612' title='bbox 1141 3109 1168 3150; x_wconf 85' lang='lat' dir='ltr'>N.</span> <span class='ocrx_word' id='word_1_613' title='bbox 1191 3109 1249 3151; x_wconf 88' lang='lat' dir='ltr'>lesu</span> <span class='ocrx_word' id='word_1_614' title='bbox 1270 3106 1385 3154; x_wconf 83' lang='lat' dir='ltr'>Christi:</span> <span class='ocrx_word' id='word_1_615' title='bbox 1407 3105 1518 3163; x_wconf 83' lang='lat' dir='ltr'>flerique</span> <span class='ocrx_word' id='word_1_616' title='bbox 1539 3108 1737 3154; x_wconf 88' lang='lat' dir='ltr'>couversionem</span> <span class='ocrx_word' id='word_1_617' title='bbox 1760 3107 1841 3155; x_wconf 90' lang='lat' dir='ltr'>totius</span> 
     </span>
     <span class='ocr_line' id='line_1_98' title="bbox 1095 3171 1846 3230; baseline 0.004 -11"><span class='ocrx_word' id='word_1_618' title='bbox 1095 3173 1260 3219; x_wconf 84' lang='lat' dir='ltr'>substantiae</span> <span class='ocrx_word' id='word_1_619' title='bbox 1275 3173 1350 3230; x_wconf 90' lang='lat' dir='ltr'>panis</span> <span class='ocrx_word' id='word_1_620' title='bbox 1365 3171 1392 3218; x_wconf 91' lang='lat' dir='ltr'>in</span> <span class='ocrx_word' id='word_1_621' title='bbox 1407 3177 1515 3230; x_wconf 86' lang='lat' dir='ltr'>corpus,</span> <span class='ocrx_word' id='word_1_622' title='bbox 1533 3177 1560 3219; x_wconf 90' lang='lat' dir='ltr'>et</span> <span class='ocrx_word' id='word_1_623' title='bbox 1576 3175 1658 3220; x_wconf 89' lang='lat' dir='ltr'>totius</span> <span class='ocrx_word' id='word_1_624' title='bbox 1679 3175 1846 3222; x_wconf 89' lang='lat' dir='ltr'>substantiae</span> 
     </span>
     <span class='ocr_line' id='line_1_99' title="bbox 1096 3240 1844 3298; baseline 0.007 -15"><span class='ocrx_word' id='word_1_625' title='bbox 1096 3240 1148 3285; x_wconf 77' lang='lat' dir='ltr'>vini</span> <span class='ocrx_word' id='word_1_626' title='bbox 1164 3241 1190 3286; x_wconf 90' lang='lat' dir='ltr'>iu</span> <span class='ocrx_word' id='word_1_627' title='bbox 1206 3240 1377 3296; x_wconf 74' lang='lat' dir='ltr'>Sanguinem,</span> <span class='ocrx_word' id='word_1_628' title='bbox 1396 3253 1474 3298; x_wconf 88' lang='lat' dir='ltr'>quam</span> <span class='ocrx_word' id='word_1_629' title='bbox 1495 3243 1691 3288; x_wconf 78' lang='lat' dir='ltr'>correersionem</span> <span class='ocrx_word' id='word_1_630' title='bbox 1713 3243 1844 3288; x_wconf 89' lang='lat' dir='ltr'>catholica</span> 
     </span>
     <span class='ocr_line' id='line_1_100' title="bbox 1096 3308 1677 3366; baseline 0 -15"><span class='ocrx_word' id='word_1_631' title='bbox 1096 3308 1210 3354; x_wconf 83' lang='lat' dir='ltr'>Ecclesia</span> <span class='ocrx_word' id='word_1_632' title='bbox 1225 3308 1537 3354; x_wconf 88' lang='lat' dir='ltr'>transubstantiationem</span> <span class='ocrx_word' id='word_1_633' title='bbox 1553 3310 1677 3366; x_wconf 85' lang='lat' dir='ltr'>appellat.</span> 
     </span>
    </p>

    <p class='ocr_par' dir='ltr' id='par_1_18' title="bbox 1096 3375 1844 3498">
     <span class='ocr_line' id='line_1_101' title="bbox 1134 3375 1844 3433; baseline 0.006 -15"><span class='ocrx_word' id='word_1_634' title='bbox 1134 3382 1146 3425; x_wconf 73' lang='lat' dir='ltr'>a</span> <span class='ocrx_word' id='word_1_635' title='bbox 1162 3377 1195 3419; x_wconf 83' lang='lat' dir='ltr'>la.</span> <span class='ocrx_word' id='word_1_636' title='bbox 1212 3378 1306 3420; x_wconf 81' lang='lat' dir='ltr'>Fateor</span> <span class='ocrx_word' id='word_1_637' title='bbox 1321 3375 1402 3420; x_wconf 90' lang='lat' dir='ltr'>etiam</span> <span class='ocrx_word' id='word_1_638' title='bbox 1418 3375 1466 3420; x_wconf 91' lang='lat' dir='ltr'>sub</span> <span class='ocrx_word' id='word_1_639' title='bbox 1481 3375 1567 3422; x_wconf 90' lang='lat' dir='ltr'>altera</span> <span class='ocrx_word' id='word_1_640' title='bbox 1584 3379 1689 3421; x_wconf 89' lang='lat' dir='ltr'>tantum</span> <span class='ocrx_word' id='word_1_641' title='bbox 1708 3375 1792 3433; x_wconf 88' lang='lat' dir='ltr'>specie</span> <span class='ocrx_word' id='word_1_642' title='bbox 1808 3381 1844 3422; x_wconf 91' lang='lat' dir='ltr'>to·</span> 
     </span>
     <span class='ocr_line' id='line_1_102' title="bbox 1096 3442 1842 3498; baseline 0.004 -13"><span class='ocrx_word' id='word_1_643' title='bbox 1096 3443 1151 3486; x_wconf 88' lang='lat' dir='ltr'>turn</span> <span class='ocrx_word' id='word_1_644' title='bbox 1174 3445 1254 3497; x_wconf 84' lang='lat' dir='ltr'>atque</span> <span class='ocrx_word' id='word_1_645' title='bbox 1276 3442 1410 3498; x_wconf 78' lang='lat' dir='ltr'>integrum</span> <span class='ocrx_word' id='word_1_646' title='bbox 1433 3442 1568 3487; x_wconf 84' lang='lat' dir='ltr'>Christum</span> <span class='ocrx_word' id='word_1_647' title='bbox 1593 3453 1737 3498; x_wconf 86' lang='lat' dir='ltr'>verumque</span> <span class='ocrx_word' id='word_1_648' title='bbox 1757 3453 1842 3489; x_wconf 90' lang='lat' dir='ltr'>sacra·</span> 
     </span>
    </p>
   </div>
   <div class='ocr_carea' id='block_1_11' title="bbox 1002 3507 1307 3552">
    <p class='ocr_par' dir='ltr' id='par_1_19' title="bbox 1002 3507 1307 3552">
     <span class='ocr_line' id='line_1_103' title="bbox 1002 3507 1307 3552; baseline 0 -1"><span class='ocrx_word' id='word_1_649' title='bbox 1002 3511 1003 3516; x_wconf 78' lang='grc'>’</span> <span class='ocrx_word' id='word_1_650' title='bbox 1095 3511 1213 3552; x_wconf 89' lang='lat' dir='ltr'>mentum</span> <span class='ocrx_word' id='word_1_651' title='bbox 1230 3507 1307 3552; x_wconf 90' lang='lat' dir='ltr'>sumi.</span> 
     </span>
    </p>
   </div>
   <div class='ocr_carea' id='block_1_12' title="bbox 1091 3575 1845 6046">
    <p class='ocr_par' dir='ltr' id='par_1_20' title="bbox 1093 3575 1845 3954">
     <span class='ocr_line' id='line_1_104' title="bbox 1133 3575 1845 3632; baseline -0.003 -10"><span class='ocrx_word' id='word_1_652' title='bbox 1133 3581 1145 3622; x_wconf 76' lang='lat' dir='ltr'>a</span> <span class='ocrx_word' id='word_1_653' title='bbox 1161 3577 1193 3618; x_wconf 82' lang='lat' dir='ltr'>lt¹</span> <span class='ocrx_word' id='word_1_654' title='bbox 1209 3577 1366 3620; x_wconf 85' lang='lat' dir='ltr'>constanter</span> <span class='ocrx_word' id='word_1_655' title='bbox 1377 3576 1452 3620; x_wconf 88' lang='lat' dir='ltr'>teneo</span> <span class='ocrx_word' id='word_1_656' title='bbox 1467 3575 1845 3632; x_wconf 79' lang='lat' dir='ltr'>pur-gat01·rumesseanimas·</span> 
     </span>
     <span class='ocr_line' id='line_1_105' title="bbox 1093 3640 1844 3698; baseline 0 -12"><span class='ocrx_word' id='word_1_657' title='bbox 1093 3651 1144 3696; x_wconf 85' lang='lat' dir='ltr'>que</span> <span class='ocrx_word' id='word_1_658' title='bbox 1159 3640 1193 3685; x_wconf 91' lang='lat' dir='ltr'>ibi</span> <span class='ocrx_word' id='word_1_659' title='bbox 1210 3641 1331 3686; x_wconf 89' lang='lat' dir='ltr'>detentas</span> <span class='ocrx_word' id='word_1_660' title='bbox 1347 3641 1465 3686; x_wconf 83' lang='lat' dir='ltr'>fidelium</span> <span class='ocrx_word' id='word_1_661' title='bbox 1481 3641 1616 3698; x_wconf 76' lang='lat' dir='ltr'>suffragiis</span> <span class='ocrx_word' id='word_1_662' title='bbox 1631 3642 1726 3687; x_wconf 88' lang='lat' dir='ltr'>iuvari.</span> <span class='ocrx_word' id='word_1_663' title='bbox 1747 3642 1844 3686; x_wconf 84' lang='lat' dir='ltr'>simili·</span> 
     </span>
     <span class='ocr_line' id='line_1_106' title="bbox 1096 3709 1844 3768; baseline 0.003 -16"><span class='ocrx_word' id='word_1_664' title='bbox 1096 3713 1136 3752; x_wconf 88' lang='lat' dir='ltr'>ter</span> <span class='ocrx_word' id='word_1_665' title='bbox 1151 3713 1175 3752; x_wconf 88' lang='lat' dir='ltr'>et</span> <span class='ocrx_word' id='word_1_666' title='bbox 1192 3713 1296 3754; x_wconf 78' lang='lat' dir='ltr'>salictos</span> <span class='ocrx_word' id='word_1_667' title='bbox 1309 3719 1431 3754; x_wconf 89' lang='lat' dir='ltr'>unacum</span> <span class='ocrx_word' id='word_1_668' title='bbox 1442 3709 1547 3754; x_wconf 80' lang='lat' dir='ltr'>christo</span> <span class='ocrx_word' id='word_1_669' title='bbox 1558 3711 1709 3768; x_wconf 82' lang='lat' dir='ltr'>regnantes,</span> <span class='ocrx_word' id='word_1_670' title='bbox 1719 3720 1844 3756; x_wconf 79' lang='lat' dir='ltr'>veneran-</span> 
     </span>
     <span class='ocr_line' id='line_1_107' title="bbox 1094 3775 1843 3832; baseline 0.004 -13"><span class='ocrx_word' id='word_1_671' title='bbox 1094 3775 1139 3820; x_wconf 92' lang='lat' dir='ltr'>dos</span> <span class='ocrx_word' id='word_1_672' title='bbox 1159 3777 1238 3832; x_wconf 84' lang='lat' dir='ltr'>atque</span> <span class='ocrx_word' id='word_1_673' title='bbox 1260 3776 1416 3820; x_wconf 83' lang='lat' dir='ltr'>invocandos</span> <span class='ocrx_word' id='word_1_674' title='bbox 1436 3787 1505 3832; x_wconf 87' lang='lat' dir='ltr'>esse,</span> <span class='ocrx_word' id='word_1_675' title='bbox 1526 3788 1621 3832; x_wconf 87' lang='lat' dir='ltr'>eosque</span> <span class='ocrx_word' id='word_1_676' title='bbox 1640 3777 1773 3822; x_wconf 89' lang='lat' dir='ltr'>orationes</span> <span class='ocrx_word' id='word_1_677' title='bbox 1793 3780 1843 3822; x_wconf 87' lang='lat' dir='ltr'>beo</span> 
     </span>
     <span class='ocr_line' id='line_1_108' title="bbox 1094 3842 1844 3900; baseline 0.003 -14"><span class='ocrx_word' id='word_1_678' title='bbox 1094 3853 1141 3898; x_wconf 89' lang='lat' dir='ltr'>pro</span> <span class='ocrx_word' id='word_1_679' title='bbox 1156 3843 1230 3887; x_wconf 89' lang='lat' dir='ltr'>nobis</span> <span class='ocrx_word' id='word_1_680' title='bbox 1245 3843 1344 3898; x_wconf 85' lang='lat' dir='ltr'>oilerre,</span> <span class='ocrx_word' id='word_1_681' title='bbox 1354 3847 1434 3900; x_wconf 89' lang='lat' dir='ltr'>atque</span> <span class='ocrx_word' id='word_1_682' title='bbox 1449 3854 1541 3888; x_wconf 88' lang='lat' dir='ltr'>eorum</span> <span class='ocrx_word' id='word_1_683' title='bbox 1557 3842 1683 3900; x_wconf 87' lang='lat' dir='ltr'>reliquias</span> <span class='ocrx_word' id='word_1_684' title='bbox 1698 3855 1756 3889; x_wconf 89' lang='lat' dir='ltr'>esse</span> <span class='ocrx_word' id='word_1_685' title='bbox 1770 3855 1844 3888; x_wconf 87' lang='lat' dir='ltr'>vene-</span> 
     </span>
     <span class='ocr_line' id='line_1_109' title="bbox 1093 3909 1197 3954; baseline -0.01 0"><span class='ocrx_word' id='word_1_686' title='bbox 1093 3909 1197 3954; x_wconf 88' lang='lat' dir='ltr'>randas.</span> 
     </span>
    </p>

    <p class='ocr_par' dir='ltr' id='par_1_21' title="bbox 1094 3977 1843 4236">
     <span class='ocr_line' id='line_1_110' title="bbox 1133 3977 1842 4034; baseline 0.003 -13"><span class='ocrx_word' id='word_1_687' title='bbox 1133 3985 1145 4026; x_wconf 78' lang='lat' dir='ltr'>s</span> <span class='ocrx_word' id='word_1_688' title='bbox 1162 3979 1193 4021; x_wconf 82' lang='lat'>15.</span> <span class='ocrx_word' id='word_1_689' title='bbox 1210 3977 1374 4023; x_wconf 71' lang='lat' dir='ltr'>Firmissime</span> <span class='ocrx_word' id='word_1_690' title='bbox 1389 3989 1479 4024; x_wconf 88' lang='lat' dir='ltr'>assero</span> <span class='ocrx_word' id='word_1_691' title='bbox 1493 3978 1620 4034; x_wconf 78' lang='lat' dir='ltr'>imagines</span> <span class='ocrx_word' id='word_1_692' title='bbox 1635 3978 1734 4024; x_wconf 81' lang='lat' dir='ltr'>Christi</span> <span class='ocrx_word' id='word_1_693' title='bbox 1748 3990 1778 4025; x_wconf 89' lang='lat' dir='ltr'>ac</span> <span class='ocrx_word' id='word_1_694' title='bbox 1788 3980 1842 4024; x_wconf 86' lang='lat' dir='ltr'>Dei-</span> 
     </span>
     <span class='ocr_line' id='line_1_111' title="bbox 1094 4043 1842 4101; baseline 0.003 -12"><span class='ocrx_word' id='word_1_695' title='bbox 1094 4055 1173 4099; x_wconf 88' lang='lat' dir='ltr'>parae</span> <span class='ocrx_word' id='word_1_696' title='bbox 1188 4055 1292 4101; x_wconf 85' lang='lat' dir='ltr'>semper</span> <span class='ocrx_word' id='word_1_697' title='bbox 1307 4043 1423 4100; x_wconf 81' lang='lat' dir='ltr'>virginis</span> <span class='ocrx_word' id='word_1_698' title='bbox 1439 4056 1539 4091; x_wconf 91' lang='lat' dir='ltr'>necnon</span> <span class='ocrx_word' id='word_1_699' title='bbox 1552 4044 1667 4091; x_wconf 88' lang='lat' dir='ltr'>aliorum</span> <span class='ocrx_word' id='word_1_700' title='bbox 1689 4049 1842 4092; x_wconf 89' lang='lat' dir='ltr'>sanctorum</span> 
     </span>
     <span class='ocr_line' id='line_1_112' title="bbox 1094 4111 1843 4168; baseline 0.005 -14"><span class='ocrx_word' id='word_1_701' title='bbox 1094 4111 1227 4156; x_wconf 89' lang='lat' dir='ltr'>habendas</span> <span class='ocrx_word' id='word_1_702' title='bbox 1242 4115 1268 4156; x_wconf 93' lang='lat' dir='ltr'>et</span> <span class='ocrx_word' id='word_1_703' title='bbox 1284 4111 1436 4158; x_wconf 89' lang='lat' dir='ltr'>retinendas</span> <span class='ocrx_word' id='word_1_704' title='bbox 1451 4123 1516 4166; x_wconf 88' lang='lat' dir='ltr'>esse,</span> <span class='ocrx_word' id='word_1_705' title='bbox 1530 4117 1611 4168; x_wconf 78' lang='lat' dir='ltr'>atoue</span> <span class='ocrx_word' id='word_1_706' title='bbox 1621 4112 1659 4158; x_wconf 88' lang='lat' dir='ltr'>ais</span> <span class='ocrx_word' id='word_1_707' title='bbox 1669 4112 1788 4158; x_wconf 88' lang='lat' dir='ltr'>debitum</span> <span class='ocrx_word' id='word_1_708' title='bbox 1800 4113 1843 4158; x_wconf 93' lang='lat' dir='ltr'>ho·</span> 
     </span>
     <span class='ocr_line' id='line_1_113' title="bbox 1094 4178 1672 4236; baseline 0.003 -14"><span class='ocrx_word' id='word_1_709' title='bbox 1094 4189 1184 4222; x_wconf 88' lang='lat' dir='ltr'>norem</span> <span class='ocrx_word' id='word_1_710' title='bbox 1199 4189 1230 4222; x_wconf 90' lang='lat' dir='ltr'>ac</span> <span class='ocrx_word' id='word_1_711' title='bbox 1245 4178 1442 4224; x_wconf 87' lang='lat' dir='ltr'>venerationem</span> <span class='ocrx_word' id='word_1_712' title='bbox 1458 4179 1672 4236; x_wconf 87' lang='lat' dir='ltr'>impartiendam.</span> 
     </span>
    </p>

    <p class='ocr_par' dir='ltr' id='par_1_22' title="bbox 1093 4244 1842 4435">
     <span class='ocr_line' id='line_1_114' title="bbox 1133 4244 1842 4303; baseline 0.006 -15"><span class='ocrx_word' id='word_1_713' title='bbox 1133 4252 1145 4294; x_wconf 76' lang='lat' dir='ltr'>a</span> <span class='ocrx_word' id='word_1_714' title='bbox 1162 4247 1193 4288; x_wconf 84' lang='lat' dir='ltr'>lo.</span> <span class='ocrx_word' id='word_1_715' title='bbox 1209 4244 1440 4301; x_wconf 78' lang='lat' dir='ltr'>indulgentiarum</span> <span class='ocrx_word' id='word_1_716' title='bbox 1451 4245 1531 4292; x_wconf 89' lang='lat' dir='ltr'>etiam</span> <span class='ocrx_word' id='word_1_717' title='bbox 1542 4247 1701 4303; x_wconf 86' lang='lat' dir='ltr'>potestatem</span> <span class='ocrx_word' id='word_1_718' title='bbox 1711 4257 1727 4291; x_wconf 90' lang='lat' dir='ltr'>a</span> <span class='ocrx_word' id='word_1_719' title='bbox 1737 4245 1842 4292; x_wconf 80' lang='lat' dir='ltr'>Christo</span> 
     </span>
     <span class='ocr_line' id='line_1_115' title="bbox 1094 4311 1842 4370; baseline 0.004 -16"><span class='ocrx_word' id='word_1_720' title='bbox 1094 4311 1121 4355; x_wconf 92' lang='lat' dir='ltr'>in</span> <span class='ocrx_word' id='word_1_721' title='bbox 1137 4311 1251 4357; x_wconf 88' lang='lat' dir='ltr'>Ecclesia</span> <span class='ocrx_word' id='word_1_722' title='bbox 1266 4311 1386 4358; x_wconf 89' lang='lat' dir='ltr'>relictam</span> <span class='ocrx_word' id='word_1_723' title='bbox 1404 4313 1492 4368; x_wconf 81' lang='lat' dir='ltr'>tuisse,</span> <span class='ocrx_word' id='word_1_724' title='bbox 1507 4313 1668 4370; x_wconf 87' lang='lat' dir='ltr'>illarumque</span> <span class='ocrx_word' id='word_1_725' title='bbox 1683 4323 1760 4357; x_wconf 89' lang='lat' dir='ltr'>usum</span> <span class='ocrx_word' id='word_1_726' title='bbox 1775 4313 1842 4357; x_wconf 91' lang='lat' dir='ltr'>chri·</span> 
     </span>
     <span class='ocr_line' id='line_1_116' title="bbox 1093 4377 1781 4435; baseline 0.001 -13"><span class='ocrx_word' id='word_1_727' title='bbox 1093 4377 1181 4424; x_wconf 91' lang='lat' dir='ltr'>stiano</span> <span class='ocrx_word' id='word_1_728' title='bbox 1196 4379 1292 4435; x_wconf 91' lang='lat' dir='ltr'>populo</span> <span class='ocrx_word' id='word_1_729' title='bbox 1307 4380 1421 4424; x_wconf 88' lang='lat' dir='ltr'>maxime</span> <span class='ocrx_word' id='word_1_730' title='bbox 1437 4381 1583 4426; x_wconf 89' lang='lat' dir='ltr'>salutarem</span> <span class='ocrx_word' id='word_1_731' title='bbox 1599 4391 1655 4424; x_wconf 91' lang='lat' dir='ltr'>esse</span> <span class='ocrx_word' id='word_1_732' title='bbox 1671 4379 1781 4425; x_wconf 85' lang='lat' dir='ltr'>aiilrmo.</span> 
     </span>
    </p>

    <p class='ocr_par' dir='ltr' id='par_1_23' title="bbox 1093 4447 1842 4772">
     <span class='ocr_line' id='line_1_117' title="bbox 1133 4447 1842 4504; baseline 0.004 -15"><span class='ocrx_word' id='word_1_733' title='bbox 1133 4453 1145 4495; x_wconf 79' lang='lat' dir='ltr'>a</span> <span class='ocrx_word' id='word_1_734' title='bbox 1162 4449 1192 4490; x_wconf 83' lang='lat'>17.</span> <span class='ocrx_word' id='word_1_735' title='bbox 1209 4449 1340 4498; x_wconf 81' lang='lat' dir='ltr'>Sanctam.</span> <span class='ocrx_word' id='word_1_736' title='bbox 1352 4447 1512 4493; x_wconf 85' lang='lat' dir='ltr'>catholicam</span> <span class='ocrx_word' id='word_1_737' title='bbox 1524 4450 1550 4492; x_wconf 91' lang='lat' dir='ltr'>et</span> <span class='ocrx_word' id='word_1_738' title='bbox 1561 4447 1736 4504; x_wconf 81' lang='lat' dir='ltr'>apostolicam</span> <span class='ocrx_word' id='word_1_739' title='bbox 1749 4451 1842 4493; x_wconf 84' lang='lat' dir='ltr'>Roma·</span> 
     </span>
     <span class='ocr_line' id='line_1_118' title="bbox 1093 4513 1842 4560; baseline 0.004 -4"><span class='ocrx_word' id='word_1_740' title='bbox 1093 4524 1153 4558; x_wconf 90' lang='lat' dir='ltr'>nam</span> <span class='ocrx_word' id='word_1_741' title='bbox 1177 4513 1319 4558; x_wconf 89' lang='lat' dir='ltr'>Ecclesiam</span> <span class='ocrx_word' id='word_1_742' title='bbox 1341 4514 1460 4558; x_wconf 89' lang='grc' dir='ltr'>οιιιιιιιιιιι</span> <span class='ocrx_word' id='word_1_743' title='bbox 1478 4513 1654 4560; x_wconf 88' lang='lat' dir='ltr'>Ecclesiarum</span> <span class='ocrx_word' id='word_1_744' title='bbox 1679 4519 1793 4560; x_wconf 87' lang='lat' dir='ltr'>matrem</span> <span class='ocrx_word' id='word_1_745' title='bbox 1816 4517 1842 4559; x_wconf 89' lang='lat' dir='ltr'>et</span> 
     </span>
     <span class='ocr_line' id='line_1_119' title="bbox 1095 4580 1841 4638; baseline 0.005 -15"><span class='ocrx_word' id='word_1_746' title='bbox 1095 4580 1252 4636; x_wconf 80' lang='lat' dir='ltr'>magistram</span> <span class='ocrx_word' id='word_1_747' title='bbox 1268 4591 1389 4636; x_wconf 78' lang='lat' dir='ltr'>agnosco,</span> <span class='ocrx_word' id='word_1_748' title='bbox 1405 4584 1575 4638; x_wconf 85' lang='lat' dir='ltr'>Romanoque</span> <span class='ocrx_word' id='word_1_749' title='bbox 1589 4581 1718 4636; x_wconf 80' lang='lat' dir='ltr'>Pontifici,</span> <span class='ocrx_word' id='word_1_750' title='bbox 1733 4585 1760 4628; x_wconf 91' lang='lat' dir='ltr'>B.</span> <span class='ocrx_word' id='word_1_751' title='bbox 1771 4584 1841 4627; x_wconf 89' lang='lat' dir='ltr'>Petri</span> 
     </span>
     <span class='ocr_line' id='line_1_120' title="bbox 1094 4647 1841 4704; baseline 0.004 -13"><span class='ocrx_word' id='word_1_752' title='bbox 1094 4648 1278 4703; x_wconf 77' lang='lat' dir='ltr'>apostolorum</span> <span class='ocrx_word' id='word_1_753' title='bbox 1302 4647 1428 4704; x_wconf 88' lang='lat' dir='ltr'>principis</span> <span class='ocrx_word' id='word_1_754' title='bbox 1451 4647 1594 4694; x_wconf 86' lang='lat' dir='ltr'>successori</span> <span class='ocrx_word' id='word_1_755' title='bbox 1616 4659 1647 4694; x_wconf 90' lang='lat' dir='ltr'>ac</span> <span class='ocrx_word' id='word_1_756' title='bbox 1663 4652 1721 4694; x_wconf 89' lang='lat' dir='ltr'>lesu</span> <span class='ocrx_word' id='word_1_757' title='bbox 1742 4650 1841 4695; x_wconf 86' lang='lat' dir='ltr'>Christi</span> 
     </span>
     <span class='ocr_line' id='line_1_121' title="bbox 1094 4713 1754 4772; baseline 0 -14"><span class='ocrx_word' id='word_1_758' title='bbox 1094 4714 1200 4769; x_wconf 81' lang='lat' dir='ltr'>vicario,</span> <span class='ocrx_word' id='word_1_759' title='bbox 1216 4725 1304 4758; x_wconf 87' lang='lat' dir='ltr'>veram</span> <span class='ocrx_word' id='word_1_760' title='bbox 1320 4713 1498 4760; x_wconf 86' lang='lat' dir='ltr'>obedientiam</span> <span class='ocrx_word' id='word_1_761' title='bbox 1514 4715 1628 4772; x_wconf 88' lang='lat' dir='ltr'>spondeo</span> <span class='ocrx_word' id='word_1_762' title='bbox 1641 4726 1671 4761; x_wconf 91' lang='lat' dir='ltr'>ac</span> <span class='ocrx_word' id='word_1_763' title='bbox 1687 4716 1754 4761; x_wconf 92' lang='lat' dir='ltr'>iuro.</span> 
     </span>
    </p>

    <p class='ocr_par' dir='ltr' id='par_1_24' title="bbox 1093 4782 1842 5295">
     <span class='ocr_line' id='line_1_122' title="bbox 1133 4782 1841 4832; baseline 0.004 -7"><span class='ocrx_word' id='word_1_764' title='bbox 1133 4785 1191 4832; x_wconf 75' lang='lat' dir='ltr'>sla.</span> <span class='ocrx_word' id='word_1_765' title='bbox 1209 4785 1301 4828; x_wconf 86' lang='lat' dir='ltr'>Cetera</span> <span class='ocrx_word' id='word_1_766' title='bbox 1316 4782 1380 4828; x_wconf 89' lang='lat' dir='ltr'>item</span> <span class='ocrx_word' id='word_1_767' title='bbox 1403 4783 1526 4828; x_wconf 89' lang='lat' dir='ltr'>omniaa</span> <span class='ocrx_word' id='word_1_768' title='bbox 1548 4783 1631 4828; x_wconf 88' lang='lat' dir='ltr'>sacris</span> <span class='ocrx_word' id='word_1_769' title='bbox 1651 4785 1795 4829; x_wconf 90' lang='lat' dir='ltr'>canonibus</span> <span class='ocrx_word' id='word_1_770' title='bbox 1815 4787 1841 4828; x_wconf 89' lang='lat' dir='ltr'>et</span> 
     </span>
     <span class='ocr_line' id='line_1_123' title="bbox 1093 4849 1841 4907; baseline 0.003 -13"><span class='ocrx_word' id='word_1_771' title='bbox 1093 4849 1268 4895; x_wconf 89' lang='lat' dir='ltr'>oecumenicis</span> <span class='ocrx_word' id='word_1_772' title='bbox 1290 4849 1419 4905; x_wconf 90' lang='lat' dir='ltr'>conciliis,</span> <span class='ocrx_word' id='word_1_773' title='bbox 1441 4861 1471 4894; x_wconf 90' lang='lat' dir='ltr'>ao</span> <span class='ocrx_word' id='word_1_774' title='bbox 1492 4851 1631 4907; x_wconf 89' lang='lat' dir='ltr'>praecipue</span> <span class='ocrx_word' id='word_1_775' title='bbox 1652 4861 1668 4895; x_wconf 84' lang='lat' dir='ltr'>a</span> <span class='ocrx_word' id='word_1_776' title='bbox 1688 4853 1841 4897; x_wconf 90' lang='lat' dir='ltr'>sacrosanta</span> 
     </span>
     <span class='ocr_line' id='line_1_124' title="bbox 1093 4916 1842 4974; baseline 0 -12"><span class='ocrx_word' id='word_1_777' title='bbox 1093 4916 1248 4962; x_wconf 83' lang='lat' dir='ltr'>Tridentina</span> <span class='ocrx_word' id='word_1_778' title='bbox 1263 4918 1370 4974; x_wconf 80' lang='lat' dir='ltr'>synodo.</span> <span class='ocrx_word' id='word_1_779' title='bbox 1386 4917 1495 4968; x_wconf 83' lang='lat' dir='ltr'>tradita,</span> <span class='ocrx_word' id='word_1_780' title='bbox 1505 4917 1615 4962; x_wconf 85' lang='lat' dir='ltr'>delinita</span> <span class='ocrx_word' id='word_1_781' title='bbox 1626 4920 1652 4962; x_wconf 90' lang='lat' dir='ltr'>et</span> <span class='ocrx_word' id='word_1_782' title='bbox 1662 4917 1792 4963; x_wconf 88' lang='lat' dir='ltr'>declarata</span> <span class='ocrx_word' id='word_1_783' title='bbox 1805 4918 1842 4962; x_wconf 91' lang='lat' dir='ltr'>in·</span> 
     </span>
     <span class='ocr_line' id='line_1_125' title="bbox 1093 4983 1841 5041; baseline 0 -13"><span class='ocrx_word' id='word_1_784' title='bbox 1093 4983 1247 5030; x_wconf 90' lang='lat' dir='ltr'>dubitanter</span> <span class='ocrx_word' id='word_1_785' title='bbox 1263 4984 1360 5041; x_wconf 89' lang='lat' dir='ltr'>recipio</span> <span class='ocrx_word' id='word_1_786' title='bbox 1375 4987 1454 5040; x_wconf 86' lang='lat' dir='ltr'>atque</span> <span class='ocrx_word' id='word_1_787' title='bbox 1470 4984 1609 5041; x_wconf 84' lang='lat' dir='ltr'>protiteor:</span> <span class='ocrx_word' id='word_1_788' title='bbox 1630 4983 1763 5040; x_wconf 89' lang='lat' dir='ltr'>simulque</span> <span class='ocrx_word' id='word_1_789' title='bbox 1784 4997 1841 5029; x_wconf 94' lang='lat' dir='ltr'>con-</span> 
     </span>
     <span class='ocr_line' id='line_1_126' title="bbox 1094 5050 1841 5108; baseline 0 -12"><span class='ocrx_word' id='word_1_790' title='bbox 1094 5053 1178 5098; x_wconf 90' lang='lat' dir='ltr'>traria</span> <span class='ocrx_word' id='word_1_791' title='bbox 1189 5052 1277 5097; x_wconf 90' lang='lat' dir='ltr'>omnia</span> <span class='ocrx_word' id='word_1_792' title='bbox 1288 5056 1314 5096; x_wconf 93' lang='lat' dir='ltr'>et</span> <span class='ocrx_word' id='word_1_793' title='bbox 1325 5050 1471 5096; x_wconf 87' lang='lat' dir='ltr'>schismata</span> <span class='ocrx_word' id='word_1_794' title='bbox 1481 5055 1562 5107; x_wconf 89' lang='lat' dir='ltr'>atque</span> <span class='ocrx_word' id='word_1_795' title='bbox 1573 5051 1696 5096; x_wconf 88' lang='lat' dir='ltr'>haereses</span> <span class='ocrx_word' id='word_1_796' title='bbox 1704 5061 1841 5108; x_wconf 91' lang='lat' dir='ltr'>quascum-</span> 
     </span>
     <span class='ocr_line' id='line_1_127' title="bbox 1093 5117 1841 5173; baseline 0.005 -13"><span class='ocrx_word' id='word_1_797' title='bbox 1093 5129 1143 5173; x_wconf 89' lang='lat' dir='ltr'>que</span> <span class='ocrx_word' id='word_1_798' title='bbox 1158 5117 1190 5162; x_wconf 92' lang='lat' dir='ltr'>ab</span> <span class='ocrx_word' id='word_1_799' title='bbox 1206 5117 1322 5162; x_wconf 89' lang='lat' dir='ltr'>Ecclesia</span> <span class='ocrx_word' id='word_1_800' title='bbox 1335 5117 1476 5162; x_wconf 85' lang='lat' dir='ltr'>damnatas</span> <span class='ocrx_word' id='word_1_801' title='bbox 1490 5121 1517 5162; x_wconf 91' lang='lat' dir='ltr'>et</span> <span class='ocrx_word' id='word_1_802' title='bbox 1531 5118 1644 5163; x_wconf 88' lang='lat' dir='ltr'>reiectas</span> <span class='ocrx_word' id='word_1_803' title='bbox 1654 5122 1681 5164; x_wconf 90' lang='lat' dir='ltr'>et</span> <span class='ocrx_word' id='word_1_804' title='bbox 1690 5119 1841 5164; x_wconf 87' lang='lat' dir='ltr'>anathema·</span> 
     </span>
     <span class='ocr_line' id='line_1_128' title="bbox 1095 5182 1842 5240; baseline 0.005 -14"><span class='ocrx_word' id='word_1_805' title='bbox 1095 5182 1189 5228; x_wconf 81' lang='lat' dir='ltr'>tinetas</span> <span class='ocrx_word' id='word_1_806' title='bbox 1203 5193 1252 5238; x_wconf 73' lang='lat' dir='ltr'>ego</span> <span class='ocrx_word' id='word_1_807' title='bbox 1266 5183 1367 5238; x_wconf 89' lang='lat' dir='ltr'>pariter</span> <span class='ocrx_word' id='word_1_808' title='bbox 1381 5184 1486 5238; x_wconf 89' lang='lat' dir='ltr'>damno,</span> <span class='ocrx_word' id='word_1_809' title='bbox 1496 5184 1595 5240; x_wconf 89' lang='lat' dir='ltr'>reiicio,</span> <span class='ocrx_word' id='word_1_810' title='bbox 1607 5185 1805 5230; x_wconf 86' lang='lat' dir='ltr'>anathematizo</span> <span class='ocrx_word' id='word_1_811' title='bbox 1815 5189 1842 5230; x_wconf 89' lang='lat' dir='ltr'>et</span> 
     </span>
     <span class='ocr_line' id='line_1_129' title="bbox 1093 5249 1195 5295; baseline 0 -1"><span class='ocrx_word' id='word_1_812' title='bbox 1093 5249 1195 5295; x_wconf 91' lang='lat' dir='ltr'>abiuro.</span> 
     </span>
    </p>

    <p class='ocr_par' dir='ltr' id='par_1_25' title="bbox 1091 5317 1842 5912">
     <span class='ocr_line' id='line_1_130' title="bbox 1132 5317 1840 5374; baseline 0.006 -14"><span class='ocrx_word' id='word_1_813' title='bbox 1132 5323 1144 5365; x_wconf 77' lang='lat' dir='ltr'>a</span> <span class='ocrx_word' id='word_1_814' title='bbox 1161 5320 1193 5360; x_wconf 86' lang='lat'>19.</span> <span class='ocrx_word' id='word_1_815' title='bbox 1210 5319 1279 5362; x_wconf 84' lang='lat' dir='ltr'>Hanc</span> <span class='ocrx_word' id='word_1_816' title='bbox 1294 5329 1383 5362; x_wconf 90' lang='lat' dir='ltr'>veram</span> <span class='ocrx_word' id='word_1_817' title='bbox 1399 5318 1557 5364; x_wconf 86' lang='lat' dir='ltr'>catholicam</span> <span class='ocrx_word' id='word_1_818' title='bbox 1575 5317 1661 5373; x_wconf 86' lang='lat' dir='ltr'>iidem,</span> <span class='ocrx_word' id='word_1_819' title='bbox 1676 5322 1751 5364; x_wconf 85' lang='lat' dir='ltr'>extra</span> <span class='ocrx_word' id='word_1_820' title='bbox 1761 5331 1840 5374; x_wconf 79' lang='lat' dir='ltr'>auam</span> 
     </span>
     <span class='ocr_line' id='line_1_131' title="bbox 1093 5384 1841 5442; baseline 0.005 -15"><span class='ocrx_word' id='word_1_821' title='bbox 1093 5395 1169 5428; x_wconf 91' lang='lat' dir='ltr'>nemo</span> <span class='ocrx_word' id='word_1_822' title='bbox 1184 5384 1273 5429; x_wconf 84' lang='lat' dir='ltr'>salvus</span> <span class='ocrx_word' id='word_1_823' title='bbox 1289 5395 1345 5429; x_wconf 89' lang='lat' dir='ltr'>esse</span> <span class='ocrx_word' id='word_1_824' title='bbox 1360 5389 1457 5441; x_wconf 84' lang='lat' dir='ltr'>potest,</span> <span class='ocrx_word' id='word_1_825' title='bbox 1472 5396 1551 5442; x_wconf 88' lang='lat' dir='ltr'>quam</span> <span class='ocrx_word' id='word_1_826' title='bbox 1563 5385 1589 5430; x_wconf 91' lang='lat' dir='ltr'>in</span> <span class='ocrx_word' id='word_1_827' title='bbox 1601 5386 1734 5442; x_wconf 87' lang='lat' dir='ltr'>praesenti</span> <span class='ocrx_word' id='word_1_828' title='bbox 1748 5389 1841 5442; x_wconf 89' lang='lat' dir='ltr'>sponte</span> 
     </span>
     <span class='ocr_line' id='line_1_132' title="bbox 1093 5449 1842 5507; baseline 0.004 -13"><span class='ocrx_word' id='word_1_829' title='bbox 1093 5449 1219 5506; x_wconf 80' lang='lat' dir='ltr'>profiteor</span> <span class='ocrx_word' id='word_1_830' title='bbox 1234 5453 1260 5494; x_wconf 91' lang='lat' dir='ltr'>et</span> <span class='ocrx_word' id='word_1_831' title='bbox 1275 5449 1404 5496; x_wconf 86' lang='lat' dir='ltr'>veraciter</span> <span class='ocrx_word' id='word_1_832' title='bbox 1425 5456 1507 5505; x_wconf 91' lang='lat' dir='ltr'>teneo,</span> <span class='ocrx_word' id='word_1_833' title='bbox 1529 5450 1648 5496; x_wconf 90' lang='lat' dir='ltr'>eamdem</span> <span class='ocrx_word' id='word_1_834' title='bbox 1668 5451 1799 5507; x_wconf 80' lang='lat' dir='ltr'>integram</span> <span class='ocrx_word' id='word_1_835' title='bbox 1815 5455 1842 5497; x_wconf 91' lang='lat' dir='ltr'>et</span> 
     </span>
     <span class='ocr_line' id='line_1_133' title="bbox 1092 5517 1841 5575; baseline 0.003 -14"><span class='ocrx_word' id='word_1_836' title='bbox 1092 5517 1246 5563; x_wconf 84' lang='lat' dir='ltr'>inviolatam</span> <span class='ocrx_word' id='word_1_837' title='bbox 1261 5529 1345 5574; x_wconf 87' lang='lat' dir='ltr'>usqne</span> <span class='ocrx_word' id='word_1_838' title='bbox 1360 5519 1392 5562; x_wconf 89' lang='lat' dir='ltr'>ad</span> <span class='ocrx_word' id='word_1_839' title='bbox 1408 5521 1557 5563; x_wconf 80' lang='lat' dir='ltr'>extremum</span> <span class='ocrx_word' id='word_1_840' title='bbox 1568 5518 1638 5564; x_wconf 82' lang='lat' dir='ltr'>ritae</span> <span class='ocrx_word' id='word_1_841' title='bbox 1649 5519 1773 5575; x_wconf 90' lang='lat' dir='ltr'>spirltum</span> <span class='ocrx_word' id='word_1_842' title='bbox 1784 5529 1841 5563; x_wconf 90' lang='lat' dir='ltr'>con·</span> 
     </span>
     <span class='ocr_line' id='line_1_134' title="bbox 1092 5583 1841 5642; baseline 0.001 -13"><span class='ocrx_word' id='word_1_843' title='bbox 1092 5583 1266 5640; x_wconf 90' lang='lat' dir='ltr'>stantissime,</span> <span class='ocrx_word' id='word_1_844' title='bbox 1288 5588 1339 5630; x_wconf 83' lang='lat' dir='ltr'>beo</span> <span class='ocrx_word' id='word_1_845' title='bbox 1357 5585 1507 5640; x_wconf 84' lang='lat' dir='ltr'>adiuvante,</span> <span class='ocrx_word' id='word_1_846' title='bbox 1529 5585 1646 5630; x_wconf 87' lang='lat' dir='ltr'>retinere</span> <span class='ocrx_word' id='word_1_847' title='bbox 1665 5588 1691 5630; x_wconf 90' lang='lat' dir='ltr'>et</span> <span class='ocrx_word' id='word_1_848' title='bbox 1711 5586 1841 5642; x_wconf 88' lang='lat' dir='ltr'>contiteri,</span> 
     </span>
     <span class='ocr_line' id='line_1_135' title="bbox 1091 5652 1841 5709; baseline 0.001 -12"><span class='ocrx_word' id='word_1_849' title='bbox 1091 5655 1171 5708; x_wconf 91' lang='lat' dir='ltr'>atque</span> <span class='ocrx_word' id='word_1_850' title='bbox 1186 5663 1201 5697; x_wconf 90' lang='lat' dir='ltr'>a</span> <span class='ocrx_word' id='word_1_851' title='bbox 1217 5653 1279 5697; x_wconf 87' lang='lat' dir='ltr'>meis</span> <span class='ocrx_word' id='word_1_852' title='bbox 1295 5652 1409 5697; x_wconf 89' lang='lat' dir='ltr'>subditis</span> <span class='ocrx_word' id='word_1_853' title='bbox 1424 5653 1464 5697; x_wconf 90' lang='lat' dir='ltr'>vel</span> <span class='ocrx_word' id='word_1_854' title='bbox 1478 5653 1542 5708; x_wconf 89' lang='lat' dir='ltr'>iilis,</span> <span class='ocrx_word' id='word_1_855' title='bbox 1558 5663 1672 5709; x_wconf 87' lang='lat' dir='ltr'>quorum</span> <span class='ocrx_word' id='word_1_856' title='bbox 1682 5664 1747 5698; x_wconf 89' lang='lat' dir='ltr'>cura</span> <span class='ocrx_word' id='word_1_857' title='bbox 1756 5653 1788 5698; x_wconf 92' lang='lat' dir='ltr'>ad</span> <span class='ocrx_word' id='word_1_858' title='bbox 1801 5664 1841 5698; x_wconf 89' lang='lat' dir='ltr'>me</span> 
     </span>
     <span class='ocr_line' id='line_1_136' title="bbox 1092 5719 1842 5776; baseline 0 -12"><span class='ocrx_word' id='word_1_859' title='bbox 1092 5719 1119 5764; x_wconf 94' lang='lat' dir='ltr'>in</span> <span class='ocrx_word' id='word_1_860' title='bbox 1135 5731 1244 5764; x_wconf 84' lang='lat' dir='ltr'>nruuere</span> <span class='ocrx_word' id='word_1_861' title='bbox 1259 5729 1317 5764; x_wconf 93' lang='lat' dir='ltr'>meo</span> <span class='ocrx_word' id='word_1_862' title='bbox 1332 5719 1469 5776; x_wconf 87' lang='lat' dir='ltr'>spectabit,</span> <span class='ocrx_word' id='word_1_863' title='bbox 1485 5720 1578 5773; x_wconf 82' lang='lat' dir='ltr'>teneri,</span> <span class='ocrx_word' id='word_1_864' title='bbox 1599 5719 1685 5765; x_wconf 90' lang='lat' dir='ltr'>doceri</span> <span class='ocrx_word' id='word_1_865' title='bbox 1701 5723 1727 5764; x_wconf 87' lang='lat' dir='ltr'>et</span> <span class='ocrx_word' id='word_1_866' title='bbox 1741 5719 1842 5776; x_wconf 90' lang='lat' dir='ltr'>praedi·</span> 
     </span>
     <span class='ocr_line' id='line_1_137' title="bbox 1092 5786 1839 5843; baseline -0.004 -11"><span class='ocrx_word' id='word_1_867' title='bbox 1092 5789 1156 5842; x_wconf 87' lang='lat' dir='ltr'>cari,</span> <span class='ocrx_word' id='word_1_868' title='bbox 1171 5791 1301 5843; x_wconf 88' lang='lat' dir='ltr'>quantum</span> <span class='ocrx_word' id='word_1_869' title='bbox 1316 5787 1343 5832; x_wconf 92' lang='lat' dir='ltr'>in</span> <span class='ocrx_word' id='word_1_870' title='bbox 1359 5797 1400 5831; x_wconf 89' lang='lat' dir='ltr'>me</span> <span class='ocrx_word' id='word_1_871' title='bbox 1415 5788 1475 5842; x_wconf 85' lang='lat' dir='ltr'>erit,</span> <span class='ocrx_word' id='word_1_872' title='bbox 1491 5789 1658 5842; x_wconf 90' lang='lat' dir='ltr'>curaturum,</span> <span class='ocrx_word' id='word_1_873' title='bbox 1673 5797 1721 5842; x_wconf 75' lang='lat' dir='ltr'>ego</span> <span class='ocrx_word' id='word_1_874' title='bbox 1731 5786 1800 5830; x_wconf 90' lang='lat' dir='ltr'>idem</span> <span class='ocrx_word' id='word_1_875' title='bbox 1812 5789 1839 5830; x_wconf 89' lang='lat' dir='ltr'>N.</span> 
     </span>
     <span class='ocr_line' id='line_1_138' title="bbox 1093 5855 1212 5912; baseline -0.017 -12"><span class='ocrx_word' id='word_1_876' title='bbox 1093 5855 1212 5912; x_wconf 86' lang='lat' dir='ltr'>spondeo.</span> 
     </span>
    </p>

    <p class='ocr_par' dir='ltr' id='par_1_26' title="bbox 1093 5921 1841 6046">
     <span class='ocr_line' id='line_1_139' title="bbox 1132 5921 1841 5972; baseline 0 -6"><span class='ocrx_word' id='word_1_877' title='bbox 1132 5930 1144 5972; x_wconf 78' lang='lat' dir='ltr'>a</span> <span class='ocrx_word' id='word_1_878' title='bbox 1158 5923 1192 5967; x_wconf 76' lang='lat'>20.</span> <span class='ocrx_word' id='word_1_879' title='bbox 1209 5927 1292 5968; x_wconf 82' lang='lat' dir='ltr'>voveo</span> <span class='ocrx_word' id='word_1_880' title='bbox 1306 5933 1337 5967; x_wconf 90' lang='lat' dir='ltr'>ac</span> <span class='ocrx_word' id='word_1_881' title='bbox 1352 5922 1419 5967; x_wconf 90' lang='lat' dir='ltr'>iuro.</span> <span class='ocrx_word' id='word_1_882' title='bbox 1435 5921 1476 5967; x_wconf 82' lang='lat' dir='ltr'>Sic</span> <span class='ocrx_word' id='word_1_883' title='bbox 1491 5933 1532 5966; x_wconf 91' lang='lat' dir='ltr'>me</span> <span class='ocrx_word' id='word_1_884' title='bbox 1545 5924 1612 5966; x_wconf 86' lang='lat' dir='ltr'>Deus</span> <span class='ocrx_word' id='word_1_885' title='bbox 1623 5921 1729 5966; x_wconf 89' lang='lat' dir='ltr'>adiuvet</span> <span class='ocrx_word' id='word_1_886' title='bbox 1740 5925 1767 5965; x_wconf 89' lang='lat' dir='ltr'>et</span> <span class='ocrx_word' id='word_1_887' title='bbox 1777 5922 1841 5966; x_wconf 90' lang='lat' dir='ltr'>haec</span> 
     </span>
     <span class='ocr_line' id='line_1_140' title="bbox 1093 5990 1409 6046; baseline 0 -12"><span class='ocrx_word' id='word_1_888' title='bbox 1093 5993 1185 6036; x_wconf 86' lang='lat' dir='ltr'>sancta</span> <span class='ocrx_word' id='word_1_889' title='bbox 1200 5990 1244 6034; x_wconf 87' lang='lat' dir='ltr'>Dei</span> <span class='ocrx_word' id='word_1_890' title='bbox 1258 5990 1409 6046; x_wconf 77' lang='lat' dir='ltr'>Evangelia.</span> 
     </span>
    </p>
   </div>
   <div class='ocr_carea' id='block_1_13' title="bbox 1707 6111 1734 6152">
    <p class='ocr_par' dir='ltr' id='par_1_27' title="bbox 1707 6111 1734 6152">
     <span class='ocr_line' id='line_1_141' title="bbox 1707 6111 1734 6152; baseline 0 0"><span class='ocrx_word' id='word_1_891' title='bbox 1707 6111 1734 6152; x_wconf 77' lang='grc'>34</span> 
     </span>
    </p>
   </div>
   <div class='ocr_carea' id='block_1_14' title="bbox 0 0 2412 6998">
    <p class='ocr_par' dir='ltr' id='par_1_28' title="bbox 0 0 2412 6998">
     <span class='ocr_line' id='line_1_142' title="bbox 0 0 2412 6998; baseline 0 0"><span class='ocrx_word' id='word_1_892' title='bbox 0 0 2412 6998; x_wconf 95' lang='lat' dir='ltr'> </span> 
     </span>
    </p>
   </div>
  </div>
 </body>
</html>
