<?xml version="1.0" encoding="UTF-8"?>
<!DOCTYPE html PUBLIC "-//W3C//DTD XHTML 1.0 Transitional//EN"
    "http://www.w3.org/TR/xhtml1/DTD/xhtml1-transitional.dtd">
<html xmlns="http://www.w3.org/1999/xhtml" xml:lang="en" lang="en">
 <head>
  <title>
</title>
<meta http-equiv="Content-Type" content="text/html;charset=utf-8" />
  <meta name='ocr-system' content='tesseract 3.04.00' />
  <meta name='ocr-capabilities' content='ocr_page ocr_carea ocr_par ocr_line ocrx_word'/>
</head>
<body>
  <div class='ocr_page' id='page_1' title='image "./iurispontificii03martgoog_0109.png"; bbox 0 0 4756 6994; ppageno 0'>
   <div class='ocr_carea' id='block_1_1' title="bbox 325 594 618 658">
    <p class='ocr_par' dir='ltr' id='par_1_1' title="bbox 325 594 618 658">
     <span class='ocr_line' id='line_1_1' title="bbox 325 594 618 658; baseline 0.024 -6"><span class='ocrx_word' id='word_1_1' title='bbox 325 595 378 654; x_wconf 79' lang='lat' dir='ltr'><strong>An.</strong></span> <span class='ocrx_word' id='word_1_2' title='bbox 392 595 420 653; x_wconf 86' lang='lat' dir='ltr'><strong>C.</strong></span> <span class='ocrx_word' id='word_1_3' title='bbox 434 595 503 652; x_wconf 73' lang='lat' dir='ltr'><strong>llas</strong></span> <span class='ocrx_word' id='word_1_4' title='bbox 561 594 618 658; x_wconf 78' lang='lat'><strong>106</strong></span> 
     </span>
    </p>
   </div>
   <div class='ocr_carea' id='block_1_2' title="bbox 540 731 1296 3344">
    <p class='ocr_par' dir='ltr' id='par_1_2' title="bbox 540 731 1295 3065">
     <span class='ocr_line' id='line_1_2' title="bbox 540 731 1288 811; baseline -0.008 -16"><span class='ocrx_word' id='word_1_5' title='bbox 540 748 604 810; x_wconf 92' lang='lat' dir='ltr'><strong>quo</strong></span> <span class='ocrx_word' id='word_1_6' title='bbox 616 749 791 811; x_wconf 89' lang='lat' dir='ltr'><strong>suspensus</strong></span> <span class='ocrx_word' id='word_1_7' title='bbox 807 739 865 805; x_wconf 92' lang='lat' dir='ltr'><strong>est,</strong></span> <span class='ocrx_word' id='word_1_8' title='bbox 881 748 1044 794; x_wconf 83' lang='lat' dir='ltr'><strong>exercere.</strong></span> <span class='ocrx_word' id='word_1_9' title='bbox 1059 731 1156 794; x_wconf 86' lang='lat' dir='ltr'>Vobis</span> <span class='ocrx_word' id='word_1_10' title='bbox 1169 737 1288 800; x_wconf 91' lang='lat' dir='ltr'><strong>autem,</strong></span> 
     </span>
     <span class='ocr_line' id='line_1_3' title="bbox 540 826 1289 904; baseline -0.008 -16"><span class='ocrx_word' id='word_1_11' title='bbox 540 827 647 889; x_wconf 91' lang='lat' dir='ltr'><strong>dilecti</strong></span> <span class='ocrx_word' id='word_1_12' title='bbox 671 827 738 898; x_wconf 85' lang='lat' dir='ltr'><strong>dlii,</strong></span> <span class='ocrx_word' id='word_1_13' title='bbox 764 827 905 904; x_wconf 87' lang='lat' dir='ltr'><strong>graviter</strong></span> <span class='ocrx_word' id='word_1_14' title='bbox 927 826 1127 902; x_wconf 90' lang='lat' dir='ltr'><strong>iniungimus</strong></span> <span class='ocrx_word' id='word_1_15' title='bbox 1149 841 1183 886; x_wconf 92' lang='grc'><strong>00</strong></span> <span class='ocrx_word' id='word_1_16' title='bbox 1204 829 1289 884; x_wconf 88' lang='lat' dir='ltr'><strong>veta-</strong></span> 
     </span>
     <span class='ocr_line' id='line_1_4' title="bbox 540 919 1290 997; baseline -0.007 -15"><span class='ocrx_word' id='word_1_17' title='bbox 540 938 623 992; x_wconf 90' lang='grc'><strong>000,</strong></span> <span class='ocrx_word' id='word_1_18' title='bbox 648 937 688 982; x_wconf 88' lang='grc'><strong>00</strong></span> <span class='ocrx_word' id='word_1_19' title='bbox 711 921 905 983; x_wconf 89' lang='grc'><strong>0010010100</strong></span> <span class='ocrx_word' id='word_1_20' title='bbox 928 919 1115 984; x_wconf 83' lang='lat' dir='ltr'><strong>Cornelium</strong></span> <span class='ocrx_word' id='word_1_21' title='bbox 1139 933 1197 997; x_wconf 91' lang='lat' dir='ltr'><strong>pro</strong></span> <span class='ocrx_word' id='word_1_22' title='bbox 1213 931 1290 978; x_wconf 89' lang='lat' dir='ltr'><strong>vero</strong></span> 
     </span>
     <span class='ocr_line' id='line_1_5' title="bbox 541 1010 1291 1091; baseline -0.013 -11"><span class='ocrx_word' id='word_1_23' title='bbox 541 1013 788 1091; x_wconf 79' lang='lat' dir='ltr'><strong>Arcbiepiscopo</strong></span> <span class='ocrx_word' id='word_1_24' title='bbox 824 1013 1033 1075; x_wconf 89' lang='lat' dir='ltr'><strong>Ultraiectino</strong></span> <span class='ocrx_word' id='word_1_25' title='bbox 1077 1010 1217 1072; x_wconf 90' lang='lat' dir='ltr'><strong>babeatis</strong></span> <span class='ocrx_word' id='word_1_26' title='bbox 1259 1017 1291 1070; x_wconf 89' lang='lat' dir='ltr'><strong>et</strong></span> 
     </span>
     <span class='ocr_line' id='line_1_6' title="bbox 540 1105 1288 1184; baseline -0.004 -16"><span class='ocrx_word' id='word_1_27' title='bbox 540 1106 728 1184; x_wconf 90' lang='lat' dir='ltr'><strong>agnoscatis,</strong></span> <span class='ocrx_word' id='word_1_28' title='bbox 753 1121 835 1168; x_wconf 86' lang='lat' dir='ltr'><strong>neve</strong></span> <span class='ocrx_word' id='word_1_29' title='bbox 858 1122 931 1168; x_wconf 88' lang='lat' dir='ltr'><strong>cum</strong></span> <span class='ocrx_word' id='word_1_30' title='bbox 954 1106 1068 1168; x_wconf 89' lang='lat' dir='ltr'><strong>eodem</strong></span> <span class='ocrx_word' id='word_1_31' title='bbox 1091 1105 1159 1166; x_wconf 93' lang='lat' dir='ltr'><strong>ullo</strong></span> <span class='ocrx_word' id='word_1_32' title='bbox 1189 1109 1288 1181; x_wconf 90' lang='lat' dir='ltr'><strong>pacto,</strong></span> 
     </span>
     <span class='ocr_line' id='line_1_7' title="bbox 541 1197 1292 1280; baseline -0.005 -18"><span class='ocrx_word' id='word_1_33' title='bbox 541 1201 730 1280; x_wconf 91' lang='lat' dir='ltr'><strong>praesertim</strong></span> <span class='ocrx_word' id='word_1_34' title='bbox 752 1200 785 1261; x_wconf 93' lang='lat' dir='ltr'><strong>in</strong></span> <span class='ocrx_word' id='word_1_35' title='bbox 807 1199 934 1272; x_wconf 91' lang='lat' dir='ltr'><strong>divinis,</strong></span> <span class='ocrx_word' id='word_1_36' title='bbox 952 1197 1217 1272; x_wconf 81' lang='lat' dir='ltr'><strong>communicetis3</strong></span> <span class='ocrx_word' id='word_1_37' title='bbox 1238 1204 1292 1258; x_wconf 91' lang='lat' dir='ltr'><strong>aut</strong></span> 
     </span>
     <span class='ocr_line' id='line_1_8' title="bbox 541 1293 1290 1373; baseline -0.008 -17"><span class='ocrx_word' id='word_1_38' title='bbox 541 1295 579 1356; x_wconf 92' lang='lat' dir='ltr'><strong>ab</strong></span> <span class='ocrx_word' id='word_1_39' title='bbox 601 1294 669 1373; x_wconf 90' lang='lat' dir='ltr'><strong>ipso</strong></span> <span class='ocrx_word' id='word_1_40' title='bbox 690 1293 743 1356; x_wconf 85' lang='lat' dir='ltr'><strong>vol</strong></span> <span class='ocrx_word' id='word_1_41' title='bbox 765 1293 803 1354; x_wconf 93' lang='lat' dir='ltr'><strong>ab</strong></span> <span class='ocrx_word' id='word_1_42' title='bbox 825 1293 904 1364; x_wconf 88' lang='lat' dir='ltr'><strong>aliis,</strong></span> <span class='ocrx_word' id='word_1_43' title='bbox 929 1309 986 1370; x_wconf 88' lang='lat' dir='ltr'><strong>per</strong></span> <span class='ocrx_word' id='word_1_44' title='bbox 1001 1293 1104 1369; x_wconf 88' lang='lat' dir='ltr'><strong>ipsum</strong></span> <span class='ocrx_word' id='word_1_45' title='bbox 1122 1306 1290 1370; x_wconf 83' lang='lat' dir='ltr'>perperam</span> 
     </span>
     <span class='ocr_line' id='line_1_9' title="bbox 542 1382 1291 1464; baseline -0.007 -14"><span class='ocrx_word' id='word_1_46' title='bbox 542 1395 574 1450; x_wconf 90' lang='grc'><strong>01</strong></span> <span class='ocrx_word' id='word_1_47' title='bbox 594 1388 731 1450; x_wconf 89' lang='lat' dir='ltr'><strong>inaniter</strong></span> <span class='ocrx_word' id='word_1_48' title='bbox 754 1387 922 1464; x_wconf 88' lang='lat' dir='ltr'><strong>deputatis,</strong></span> <span class='ocrx_word' id='word_1_49' title='bbox 946 1383 1148 1448; x_wconf 82' lang='lat' dir='ltr'><strong>Sacramenta</strong></span> <span class='ocrx_word' id='word_1_50' title='bbox 1168 1391 1223 1446; x_wconf 90' lang='grc'><strong>001</strong></span> <span class='ocrx_word' id='word_1_51' title='bbox 1236 1382 1291 1446; x_wconf 85' lang='lat' dir='ltr'><strong>Or·</strong></span> 
     </span>
     <span class='ocr_line' id='line_1_10' title="bbox 543 1475 1291 1558; baseline -0.007 -14"><span class='ocrx_word' id='word_1_52' title='bbox 543 1483 633 1544; x_wconf 89' lang='lat' dir='ltr'><strong>dines</strong></span> <span class='ocrx_word' id='word_1_53' title='bbox 655 1479 822 1558; x_wconf 88' lang='lat' dir='ltr'><strong>accipiatis.</strong></span> <span class='ocrx_word' id='word_1_54' title='bbox 847 1479 981 1542; x_wconf 77' lang='lat' dir='ltr'><strong>Noverit</strong></span> <span class='ocrx_word' id='word_1_55' title='bbox 1003 1480 1088 1541; x_wconf 91' lang='grc'><strong>0010</strong></span> <span class='ocrx_word' id='word_1_56' title='bbox 1120 1478 1174 1555; x_wconf 94' lang='lat' dir='ltr'><strong>qui</strong></span> <span class='ocrx_word' id='word_1_57' title='bbox 1203 1475 1291 1540; x_wconf 85' lang='lat' dir='ltr'><strong>Ordi-</strong></span> 
     </span>
     <span class='ocr_line' id='line_1_11' title="bbox 543 1572 1290 1652; baseline -0.007 -14"><span class='ocrx_word' id='word_1_58' title='bbox 543 1576 637 1638; x_wconf 87' lang='lat' dir='ltr'>nibus</span> <span class='ocrx_word' id='word_1_59' title='bbox 652 1575 794 1637; x_wconf 89' lang='lat' dir='ltr'><strong>initiatus</strong></span> <span class='ocrx_word' id='word_1_60' title='bbox 809 1573 847 1636; x_wconf 91' lang='lat' dir='ltr'><strong>ab</strong></span> <span class='ocrx_word' id='word_1_61' title='bbox 860 1574 935 1652; x_wconf 94' lang='lat' dir='ltr'><strong>ipsis</strong></span> <span class='ocrx_word' id='word_1_62' title='bbox 948 1573 1057 1644; x_wconf 88' lang='lat' dir='ltr'><strong>luerit,</strong></span> <span class='ocrx_word' id='word_1_63' title='bbox 1071 1572 1290 1651; x_wconf 82' lang='lat' dir='ltr'><strong>suspensionis</strong></span> 
     </span>
     <span class='ocr_line' id='line_1_12' title="bbox 542 1666 1291 1752; baseline -0.007 -20"><span class='ocrx_word' id='word_1_64' title='bbox 542 1687 578 1732; x_wconf 91' lang='lat' dir='ltr'><strong>se</strong></span> <span class='ocrx_word' id='word_1_65' title='bbox 609 1669 739 1731; x_wconf 90' lang='lat' dir='ltr'><strong>vinculo</strong></span> <span class='ocrx_word' id='word_1_66' title='bbox 771 1668 980 1730; x_wconf 89' lang='lat' dir='ltr'><strong>constrictum</strong></span> <span class='ocrx_word' id='word_1_67' title='bbox 1009 1674 1104 1752; x_wconf 89' lang='lat' dir='ltr'><strong>atque</strong></span> <span class='ocrx_word' id='word_1_68' title='bbox 1136 1666 1291 1744; x_wconf 87' lang='lat' dir='ltr'><strong>irregula-</strong></span> 
     </span>
     <span class='ocr_line' id='line_1_13' title="bbox 543 1761 1291 1840; baseline -0.008 -16"><span class='ocrx_word' id='word_1_69' title='bbox 543 1764 627 1826; x_wconf 91' lang='lat' dir='ltr'><strong>ritati</strong></span> <span class='ocrx_word' id='word_1_70' title='bbox 660 1769 826 1840; x_wconf 88' lang='lat' dir='ltr'><strong>praeterea</strong></span> <span class='ocrx_word' id='word_1_71' title='bbox 853 1761 1040 1832; x_wconf 84' lang='lat' dir='ltr'><strong>obnoxium,</strong></span> <span class='ocrx_word' id='word_1_72' title='bbox 1070 1761 1097 1820; x_wconf 90' lang='lat' dir='ltr'><strong>si</strong></span> <span class='ocrx_word' id='word_1_73' title='bbox 1128 1767 1291 1837; x_wconf 87' lang='lat' dir='ltr'><strong>susceptos</strong></span> 
     </span>
     <span class='ocr_line' id='line_1_14' title="bbox 543 1854 1292 1932; baseline -0.008 -12"><span class='ocrx_word' id='word_1_74' title='bbox 543 1855 677 1920; x_wconf 79' lang='lat' dir='ltr'><strong>Ordines</strong></span> <span class='ocrx_word' id='word_1_75' title='bbox 700 1855 893 1918; x_wconf 79' lang='lat' dir='ltr'><strong>exercuerit.</strong></span> <span class='ocrx_word' id='word_1_76' title='bbox 917 1854 1088 1931; x_wconf 82' lang='lat' dir='ltr'><strong>Reliquum</strong></span> <span class='ocrx_word' id='word_1_77' title='bbox 1112 1861 1223 1925; x_wconf 84' lang='grc' dir='ltr'><strong>001,οι</strong></span> <span class='ocrx_word' id='word_1_78' title='bbox 1242 1869 1292 1932; x_wconf 90' lang='lat' dir='ltr'><strong>pa·</strong></span> 
     </span>
     <span class='ocr_line' id='line_1_15' title="bbox 545 1947 1291 2012; baseline -0.005 0"><span class='ocrx_word' id='word_1_79' title='bbox 545 1951 644 2012; x_wconf 89' lang='lat' dir='ltr'><strong>ternis</strong></span> <span class='ocrx_word' id='word_1_80' title='bbox 680 1951 765 2011; x_wconf 93' lang='lat' dir='ltr'><strong>curis</strong></span> <span class='ocrx_word' id='word_1_81' title='bbox 802 1948 919 2010; x_wconf 89' lang='lat' dir='ltr'><strong>nostris</strong></span> <span class='ocrx_word' id='word_1_82' title='bbox 955 1947 1059 2009; x_wconf 87' lang='lat' dir='ltr'><strong>filialis</strong></span> <span class='ocrx_word' id='word_1_83' title='bbox 1091 1947 1291 2010; x_wconf 78' lang='lat' dir='ltr'><strong>obedientiae</strong></span> 
     </span>
     <span class='ocr_line' id='line_1_16' title="bbox 544 2040 1293 2121; baseline -0.005 -15"><span class='ocrx_word' id='word_1_84' title='bbox 544 2045 683 2121; x_wconf 87' lang='lat' dir='ltr'><strong>lideiquc</strong></span> <span class='ocrx_word' id='word_1_85' title='bbox 704 2051 831 2106; x_wconf 91' lang='lat' dir='ltr'><strong>vestrae</strong></span> <span class='ocrx_word' id='word_1_86' title='bbox 853 2043 952 2106; x_wconf 85' lang='grc'><strong>0111010</strong></span> <span class='ocrx_word' id='word_1_87' title='bbox 974 2042 1199 2120; x_wconf 84' lang='lat' dir='ltr'><strong>respondeant.</strong></span> <span class='ocrx_word' id='word_1_88' title='bbox 1217 2040 1293 2102; x_wconf 92' lang='lat' dir='ltr'><strong>Nul-</strong></span> 
     </span>
     <span class='ocr_line' id='line_1_17' title="bbox 543 2135 1293 2201; baseline -0.007 0"><span class='ocrx_word' id='word_1_89' title='bbox 543 2139 612 2201; x_wconf 92' lang='lat' dir='ltr'><strong>lum</strong></span> <span class='ocrx_word' id='word_1_90' title='bbox 635 2139 720 2201; x_wconf 89' lang='lat' dir='ltr'><strong>enim</strong></span> <span class='ocrx_word' id='word_1_91' title='bbox 744 2138 914 2200; x_wconf 90' lang='lat' dir='ltr'><strong>iucundius</strong></span> <span class='ocrx_word' id='word_1_92' title='bbox 944 2136 1048 2198; x_wconf 93' lang='lat' dir='ltr'><strong>dolori</strong></span> <span class='ocrx_word' id='word_1_93' title='bbox 1075 2143 1185 2198; x_wconf 89' lang='lat' dir='ltr'><strong>nostro</strong></span> <span class='ocrx_word' id='word_1_94' title='bbox 1214 2135 1293 2198; x_wconf 87' lang='lat' dir='ltr'><strong>sola·</strong></span> 
     </span>
     <span class='ocr_line' id='line_1_18' title="bbox 545 2223 1290 2311; baseline -0.005 -16"><span class='ocrx_word' id='word_1_95' title='bbox 545 2235 623 2296; x_wconf 92' lang='lat' dir='ltr'><strong>tium</strong></span> <span class='ocrx_word' id='word_1_96' title='bbox 648 2233 753 2295; x_wconf 83' lang='lat' dir='ltr'><strong>afferri</strong></span> <span class='ocrx_word' id='word_1_97' title='bbox 770 2239 886 2311; x_wconf 90' lang='lat' dir='ltr'><strong>potest,</strong></span> <span class='ocrx_word' id='word_1_98' title='bbox 900 2223 995 2310; x_wconf 89' lang='lat' dir='ltr'><strong>quam</strong></span> <span class='ocrx_word' id='word_1_99' title='bbox 1011 2239 1047 2292; x_wconf 92' lang='lat' dir='ltr'><strong>ut</strong></span> <span class='ocrx_word' id='word_1_100' title='bbox 1062 2231 1290 2308; x_wconf 81' lang='lat' dir='ltr'><strong>intelligamus,</strong></span> 
     </span>
     <span class='ocr_line' id='line_1_19' title="bbox 545 2325 1293 2404; baseline 0.003 -18"><span class='ocrx_word' id='word_1_101' title='bbox 545 2344 602 2391; x_wconf 91' lang='lat' dir='ltr'><strong>vos</strong></span> <span class='ocrx_word' id='word_1_102' title='bbox 624 2334 715 2390; x_wconf 87' lang='grc'><strong>00010</strong></span> <span class='ocrx_word' id='word_1_103' title='bbox 737 2326 949 2404; x_wconf 90' lang='lat' dir='ltr'><strong>ambulantes,</strong></span> <span class='ocrx_word' id='word_1_104' title='bbox 967 2341 1157 2388; x_wconf 83' lang='lat' dir='ltr'><strong>convocem</strong></span> <span class='ocrx_word' id='word_1_105' title='bbox 1175 2325 1293 2388; x_wconf 89' lang='lat' dir='ltr'><strong>alieno·</strong></span> 
     </span>
     <span class='ocr_line' id='line_1_20' title="bbox 545 2419 1293 2496; baseline -0.004 -13"><span class='ocrx_word' id='word_1_106' title='bbox 545 2438 618 2485; x_wconf 93' lang='lat' dir='ltr'><strong>rum</strong></span> <span class='ocrx_word' id='word_1_107' title='bbox 641 2421 762 2492; x_wconf 88' lang='lat' dir='ltr'><strong>audire,</strong></span> <span class='ocrx_word' id='word_1_108' title='bbox 796 2421 851 2482; x_wconf 91' lang='lat' dir='ltr'><strong>sed</strong></span> <span class='ocrx_word' id='word_1_109' title='bbox 874 2420 1037 2482; x_wconf 86' lang='lat' dir='ltr'><strong>Pastorem</strong></span> <span class='ocrx_word' id='word_1_110' title='bbox 1060 2421 1151 2496; x_wconf 91' lang='lat' dir='ltr'><strong>sequi</strong></span> <span class='ocrx_word' id='word_1_111' title='bbox 1181 2427 1212 2480; x_wconf 91' lang='grc'><strong>01</strong></span> <span class='ocrx_word' id='word_1_112' title='bbox 1240 2419 1293 2480; x_wconf 95' lang='lat' dir='ltr'><strong>do-</strong></span> 
     </span>
     <span class='ocr_line' id='line_1_21' title="bbox 546 2514 1294 2592; baseline -0.004 -14"><span class='ocrx_word' id='word_1_113' title='bbox 546 2532 634 2578; x_wconf 90' lang='lat' dir='ltr'><strong>mum</strong></span> <span class='ocrx_word' id='word_1_114' title='bbox 658 2516 825 2577; x_wconf 84' lang='lat' dir='ltr'><strong>aedificare</strong></span> <span class='ocrx_word' id='word_1_115' title='bbox 846 2531 941 2592; x_wconf 89' lang='lat' dir='ltr'><strong>supra</strong></span> <span class='ocrx_word' id='word_1_116' title='bbox 957 2515 1082 2576; x_wconf 88' lang='lat' dir='ltr'><strong>lirmam</strong></span> <span class='ocrx_word' id='word_1_117' title='bbox 1099 2522 1232 2592; x_wconf 89' lang='lat' dir='ltr'><strong>petram.</strong></span> <span class='ocrx_word' id='word_1_118' title='bbox 1251 2514 1294 2575; x_wconf 81' lang='lat' dir='ltr'><strong>Ac</strong></span> 
     </span>
     <span class='ocr_line' id='line_1_22' title="bbox 545 2608 1294 2686; baseline -0.003 -16"><span class='ocrx_word' id='word_1_119' title='bbox 545 2611 647 2682; x_wconf 86' lang='lat' dir='ltr'><strong>vobis,</strong></span> <span class='ocrx_word' id='word_1_120' title='bbox 672 2610 778 2672; x_wconf 90' lang='lat' dir='ltr'><strong>dilecti</strong></span> <span class='ocrx_word' id='word_1_121' title='bbox 795 2609 862 2682; x_wconf 87' lang='lat' dir='ltr'><strong>filii,</strong></span> <span class='ocrx_word' id='word_1_122' title='bbox 880 2608 1083 2686; x_wconf 91' lang='lat' dir='ltr'><strong>apostolicam</strong></span> <span class='ocrx_word' id='word_1_123' title='bbox 1100 2608 1294 2670; x_wconf 89' lang='lat' dir='ltr'><strong>benedictio-</strong></span> 
     </span>
     <span class='ocr_line' id='line_1_23' title="bbox 546 2703 1294 2782; baseline -0.003 -15"><span class='ocrx_word' id='word_1_124' title='bbox 546 2721 632 2778; x_wconf 87' lang='lat' dir='ltr'><strong>nem,</strong></span> <span class='ocrx_word' id='word_1_125' title='bbox 647 2721 742 2782; x_wconf 82' lang='lat' dir='ltr'><strong>quanr</strong></span> <span class='ocrx_word' id='word_1_126' title='bbox 757 2704 907 2766; x_wconf 91' lang='lat' dir='ltr'><strong>coelestis</strong></span> <span class='ocrx_word' id='word_1_127' title='bbox 923 2703 1052 2781; x_wconf 91' lang='lat' dir='ltr'><strong>presidii</strong></span> <span class='ocrx_word' id='word_1_128' title='bbox 1068 2703 1184 2780; x_wconf 89' lang='lat' dir='ltr'><strong>pignus</strong></span> <span class='ocrx_word' id='word_1_129' title='bbox 1199 2711 1294 2780; x_wconf 91' lang='lat' dir='ltr'><strong>atque</strong></span> 
     </span>
     <span class='ocr_line' id='line_1_24' title="bbox 545 2797 1295 2876; baseline -0.004 -16"><span class='ocrx_word' id='word_1_130' title='bbox 545 2799 700 2860; x_wconf 88' lang='lat' dir='ltr'><strong>adversus</strong></span> <span class='ocrx_word' id='word_1_131' title='bbox 722 2804 895 2876; x_wconf 84' lang='lat' dir='ltr'><strong>potestates</strong></span> <span class='ocrx_word' id='word_1_132' title='bbox 919 2797 1124 2860; x_wconf 90' lang='lat' dir='ltr'><strong>tenebrarum</strong></span> <span class='ocrx_word' id='word_1_133' title='bbox 1155 2812 1242 2857; x_wconf 91' lang='lat' dir='ltr'><strong>arma</strong></span> <span class='ocrx_word' id='word_1_134' title='bbox 1264 2803 1295 2858; x_wconf 88' lang='lat' dir='ltr'><strong>et</strong></span> 
     </span>
     <span class='ocr_line' id='line_1_25' title="bbox 545 2883 1294 2970; baseline -0.003 -18"><span class='ocrx_word' id='word_1_135' title='bbox 545 2899 671 2954; x_wconf 89' lang='lat' dir='ltr'><strong>scutum</strong></span> <span class='ocrx_word' id='word_1_136' title='bbox 706 2907 775 2954; x_wconf 89' lang='lat' dir='ltr'><strong>esse</strong></span> <span class='ocrx_word' id='word_1_137' title='bbox 809 2898 972 2970; x_wconf 89' lang='lat' dir='ltr'><strong>optamus,</strong></span> <span class='ocrx_word' id='word_1_138' title='bbox 1007 2897 1209 2968; x_wconf 81' lang='lat' dir='ltr'><strong>peramanter</strong></span> <span class='ocrx_word' id='word_1_139' title='bbox 1238 2883 1294 2950; x_wconf 87' lang='lat' dir='ltr'><strong>im-</strong></span> 
     </span>
     <span class='ocr_line' id='line_1_26' title="bbox 546 2988 716 3065; baseline -0.018 -14"><span class='ocrx_word' id='word_1_140' title='bbox 546 2988 716 3065; x_wconf 91' lang='lat' dir='ltr'><strong>pertimur.</strong></span> 
     </span>
    </p>

    <p class='ocr_par' dir='ltr' id='par_1_3' title="bbox 548 3077 1296 3344">
     <span class='ocr_line' id='line_1_27' title="bbox 586 3077 1296 3156; baseline -0.004 -15"><span class='ocrx_word' id='word_1_141' title='bbox 586 3081 699 3142; x_wconf 86' lang='grc'><strong>110100</strong></span> <span class='ocrx_word' id='word_1_142' title='bbox 715 3081 844 3150; x_wconf 84' lang='lat' dir='ltr'><strong>Rornae,</strong></span> <span class='ocrx_word' id='word_1_143' title='bbox 861 3079 942 3156; x_wconf 92' lang='lat' dir='ltr'><strong>apud</strong></span> <span class='ocrx_word' id='word_1_144' title='bbox 960 3077 991 3141; x_wconf 89' lang='lat' dir='ltr'><strong>S.</strong></span> <span class='ocrx_word' id='word_1_145' title='bbox 1009 3078 1152 3148; x_wconf 90' lang='lat' dir='ltr'><strong>Petrum,</strong></span> <span class='ocrx_word' id='word_1_146' title='bbox 1169 3078 1229 3139; x_wconf 91' lang='lat' dir='ltr'><strong>sub</strong></span> <span class='ocrx_word' id='word_1_147' title='bbox 1244 3093 1296 3138; x_wconf 92' lang='lat' dir='ltr'><strong>an-</strong></span> 
     </span>
     <span class='ocr_line' id='line_1_28' title="bbox 548 3170 1294 3242; baseline -0.007 -8"><span class='ocrx_word' id='word_1_148' title='bbox 548 3173 625 3234; x_wconf 92' lang='lat' dir='ltr'><strong>nulo</strong></span> <span class='ocrx_word' id='word_1_149' title='bbox 647 3171 823 3242; x_wconf 89' lang='lat' dir='ltr'><strong>Piscatoris‚</strong></span> <span class='ocrx_word' id='word_1_150' title='bbox 848 3171 899 3233; x_wconf 93' lang='grc'><strong>010</strong></span> <span class='ocrx_word' id='word_1_151' title='bbox 921 3188 986 3232; x_wconf 80' lang='lat' dir='ltr'><strong>rin.</strong></span> <span class='ocrx_word' id='word_1_152' title='bbox 1011 3170 1093 3232; x_wconf 89' lang='lat' dir='ltr'><strong>lebr.</strong></span> <span class='ocrx_word' id='word_1_153' title='bbox 1118 3185 1294 3241; x_wconf 78' lang='grc'><strong>0000000..</strong></span> 
     </span>
     <span class='ocr_line' id='line_1_29' title="bbox 548 3265 1023 3344; baseline -0.004 -18"><span class='ocrx_word' id='word_1_154' title='bbox 548 3265 750 3344; x_wconf 86' lang='lat' dir='ltr'><strong>pontificatus</strong></span> <span class='ocrx_word' id='word_1_155' title='bbox 772 3265 874 3326; x_wconf 90' lang='lat' dir='ltr'><strong>nostri</strong></span> <span class='ocrx_word' id='word_1_156' title='bbox 896 3281 978 3326; x_wconf 89' lang='lat' dir='ltr'><strong>anno</strong></span> <span class='ocrx_word' id='word_1_157' title='bbox 1002 3281 1023 3324; x_wconf 91' lang='lat'><strong>1.</strong></span> 
     </span>
    </p>
   </div>
   <div class='ocr_carea' id='block_1_3' title="bbox 807 3519 1046 3526">
    <p class='ocr_par' dir='ltr' id='par_1_4' title="bbox 807 3519 1046 3526">
     <span class='ocr_line' id='line_1_30' title="bbox 807 3519 1046 3526; baseline -0.008 0"><span class='ocrx_word' id='word_1_158' title='bbox 807 3519 871 3526; x_wconf 80' lang='lat'><strong>--—</strong></span> <span class='ocrx_word' id='word_1_159' title='bbox 894 3519 1046 3525; x_wconf 76' lang='lat'><em>---—-—-————</em></span> 
     </span>
    </p>
   </div>
   <div class='ocr_carea' id='block_1_4' title="bbox 907 3735 943 3798">
    <p class='ocr_par' dir='ltr' id='par_1_5' title="bbox 907 3735 943 3798">
     <span class='ocr_line' id='line_1_31' title="bbox 907 3735 943 3798; baseline -0.056 0"><span class='ocrx_word' id='word_1_160' title='bbox 907 3735 943 3798; x_wconf 93' lang='grc'><strong>11.</strong></span> 
     </span>
    </p>
   </div>
   <div class='ocr_carea' id='block_1_5' title="bbox 553 3921 1299 4267">
    <p class='ocr_par' dir='ltr' id='par_1_6' title="bbox 553 3921 1299 4267">
     <span class='ocr_line' id='line_1_32' title="bbox 553 3921 1299 3987; baseline -0.004 -1"><span class='ocrx_word' id='word_1_161' title='bbox 553 3924 744 3987; x_wconf 75' lang='grc' dir='ltr'><strong>11100110οι00</strong></span> <span class='ocrx_word' id='word_1_162' title='bbox 769 3922 908 3986; x_wconf 78' lang='lat' dir='ltr'><strong>Cornelii</strong></span> <span class='ocrx_word' id='word_1_163' title='bbox 927 3923 1108 3986; x_wconf 73' lang='lat' dir='ltr'><strong>birckman</strong></span> <span class='ocrx_word' id='word_1_164' title='bbox 1123 3923 1158 3984; x_wconf 84' lang='lat' dir='ltr'><strong>io</strong></span> <span class='ocrx_word' id='word_1_165' title='bbox 1172 3921 1299 3984; x_wconf 72' lang='grc'><strong>0001110-</strong></span> 
     </span>
     <span class='ocr_line' id='line_1_33' title="bbox 588 4015 1299 4100; baseline -0.006 -20"><span class='ocrx_word' id='word_1_166' title='bbox 588 4019 752 4100; x_wconf 83' lang='lat' dir='ltr'><strong>pr&#39;scopttnc</strong></span> <span class='ocrx_word' id='word_1_167' title='bbox 771 4015 1015 4080; x_wconf 78' lang='lat' dir='ltr'><strong>Ultroiccticum</strong></span> <span class='ocrx_word' id='word_1_168' title='bbox 1029 4017 1165 4080; x_wconf 82' lang='grc'><strong>000001</strong></span> <span class='ocrx_word' id='word_1_169' title='bbox 1178 4016 1228 4076; x_wconf 87' lang='grc'><strong>011</strong></span> <span class='ocrx_word' id='word_1_170' title='bbox 1243 4017 1299 4077; x_wconf 83' lang='lat' dir='ltr'><strong>ele-</strong></span> 
     </span>
     <span class='ocr_line' id='line_1_34' title="bbox 590 4107 1299 4174; baseline -0.004 -1"><span class='ocrx_word' id='word_1_171' title='bbox 590 4112 725 4174; x_wconf 83' lang='lat' dir='ltr'><strong>ctionem</strong></span> <span class='ocrx_word' id='word_1_172' title='bbox 741 4115 770 4173; x_wconf 85' lang='lat' dir='ltr'><strong>ct</strong></span> <span class='ocrx_word' id='word_1_173' title='bbox 781 4109 1050 4172; x_wconf 80' lang='lat' dir='ltr'><strong>consecrationem</strong></span> <span class='ocrx_word' id='word_1_174' title='bbox 1065 4107 1204 4170; x_wconf 81' lang='lat' dir='ltr'><strong>Cornelii</strong></span> <span class='ocrx_word' id='word_1_175' title='bbox 1219 4108 1299 4170; x_wconf 80' lang='lat' dir='ltr'><strong>Stre-</strong></span> 
     </span>
     <span class='ocr_line' id='line_1_35' title="bbox 590 4204 961 4267; baseline -0.008 0"><span class='ocrx_word' id='word_1_176' title='bbox 590 4223 691 4267; x_wconf 82' lang='lat' dir='ltr'><strong>oooen</strong></span> <span class='ocrx_word' id='word_1_177' title='bbox 713 4204 882 4267; x_wconf 80' lang='grc'><strong>00000011</strong></span> <span class='ocrx_word' id='word_1_178' title='bbox 903 4209 961 4265; x_wconf 86' lang='grc'><strong>010.</strong></span> 
     </span>
    </p>
   </div>
   <div class='ocr_carea' id='block_1_6' title="bbox 605 4386 1246 4565">
    <p class='ocr_par' dir='ltr' id='par_1_7' title="bbox 605 4386 1246 4565">
     <span class='ocr_line' id='line_1_36' title="bbox 636 4386 1214 4456; baseline 0 0"><span class='ocrx_word' id='word_1_179' title='bbox 636 4389 762 4456; x_wconf 85' lang='grc' dir='ltr'><strong>111Ιο0110</strong></span> <span class='ocrx_word' id='word_1_180' title='bbox 784 4387 856 4455; x_wconf 87' lang='grc'><strong>111110</strong></span> <span class='ocrx_word' id='word_1_181' title='bbox 880 4388 1029 4454; x_wconf 87' lang='lat' dir='ltr'><strong>universis</strong></span> <span class='ocrx_word' id='word_1_182' title='bbox 1052 4386 1214 4456; x_wconf 82' lang='lat' dir='ltr'><strong>catholicis</strong></span> 
     </span>
     <span class='ocr_line' id='line_1_37' title="bbox 605 4480 1246 4565; baseline -0.005 -14"><span class='ocrx_word' id='word_1_183' title='bbox 605 4486 632 4551; x_wconf 88' lang='lat' dir='ltr'><strong>in</strong></span> <span class='ocrx_word' id='word_1_184' title='bbox 655 4483 826 4549; x_wconf 77' lang='grc' dir='ltr'><strong>100100οῐ0</strong></span> <span class='ocrx_word' id='word_1_185' title='bbox 849 4480 953 4565; x_wconf 82' lang='lat' dir='ltr'><strong>Belgio</strong></span> <span class='ocrx_word' id='word_1_186' title='bbox 975 4483 1246 4561; x_wconf 81' lang='lat' dir='ltr'><strong>commorantibus,</strong></span> 
     </span>
    </p>
   </div>
   <div class='ocr_carea' id='block_1_7' title="bbox 713 4665 1138 4735">
    <p class='ocr_par' dir='ltr' id='par_1_8' title="bbox 713 4665 1138 4735">
     <span class='ocr_line' id='line_1_38' title="bbox 713 4665 1138 4735; baseline 0 -1"><span class='ocrx_word' id='word_1_187' title='bbox 713 4665 959 4735; x_wconf 71' lang='lat' dir='ltr'><strong>erurotctus</strong></span> <span class='ocrx_word' id='word_1_188' title='bbox 983 4668 1044 4735; x_wconf 84' lang='lat' dir='ltr'><strong>PP.</strong></span> <span class='ocrx_word' id='word_1_189' title='bbox 1068 4668 1138 4735; x_wconf 87' lang='grc' dir='ltr'><strong>ΧΙΙΙ.</strong></span> 
     </span>
    </p>
   </div>
   <div class='ocr_carea' id='block_1_8' title="bbox 585 4856 1270 5034">
    <p class='ocr_par' dir='ltr' id='par_1_9' title="bbox 585 4856 1270 5034">
     <span class='ocr_line' id='line_1_39' title="bbox 830 4856 1023 4936; baseline -0.005 -13"><span class='ocrx_word' id='word_1_190' title='bbox 830 4856 936 4924; x_wconf 81' lang='grc'><strong>11110011</strong></span> <span class='ocrx_word' id='word_1_191' title='bbox 960 4857 1023 4936; x_wconf 88' lang='lat' dir='ltr'><strong>lilii,</strong></span> 
     </span>
     <span class='ocr_line' id='line_1_40' title="bbox 585 4950 1270 5034; baseline -0.004 -15"><span class='ocrx_word' id='word_1_192' title='bbox 585 4952 715 5020; x_wconf 87' lang='grc'><strong>0010100</strong></span> <span class='ocrx_word' id='word_1_193' title='bbox 737 4957 769 5016; x_wconf 88' lang='grc'><strong>01</strong></span> <span class='ocrx_word' id='word_1_194' title='bbox 791 4951 990 5034; x_wconf 82' lang='lat' dir='ltr'><strong>apostolieum</strong></span> <span class='ocrx_word' id='word_1_195' title='bbox 1015 4950 1270 5018; x_wconf 85' lang='lat' dir='ltr'><strong>benedictionem.</strong></span> 
     </span>
    </p>
   </div>
   <div class='ocr_carea' id='block_1_9' title="bbox 554 5140 1305 6061">
    <p class='ocr_par' dir='ltr' id='par_1_10' title="bbox 554 5140 1305 6061">
     <span class='ocr_line' id='line_1_41' title="bbox 593 5140 1303 5218; baseline 0 -14"><span class='ocrx_word' id='word_1_196' title='bbox 593 5141 690 5204; x_wconf 93' lang='lat' dir='ltr'><strong>Novis</strong></span> <span class='ocrx_word' id='word_1_197' title='bbox 712 5140 780 5201; x_wconf 91' lang='lat' dir='ltr'><strong>istic</strong></span> <span class='ocrx_word' id='word_1_198' title='bbox 808 5140 840 5201; x_wconf 97' lang='lat' dir='ltr'><strong>in</strong></span> <span class='ocrx_word' id='word_1_199' title='bbox 870 5141 937 5202; x_wconf 93' lang='lat' dir='ltr'><strong>dies</strong></span> <span class='ocrx_word' id='word_1_200' title='bbox 961 5157 1018 5217; x_wconf 92' lang='lat' dir='ltr'><strong>per</strong></span> <span class='ocrx_word' id='word_1_201' title='bbox 1044 5157 1219 5218; x_wconf 91' lang='lat' dir='ltr'><strong>paucorum</strong></span> <span class='ocrx_word' id='word_1_202' title='bbox 1242 5142 1303 5204; x_wconf 92' lang='lat' dir='ltr'><strong>cle·</strong></span> 
     </span>
     <span class='ocr_line' id='line_1_42' title="bbox 554 5233 1303 5311; baseline 0 -15"><span class='ocrx_word' id='word_1_203' title='bbox 554 5236 695 5298; x_wconf 78' lang='grc'><strong>0100000</strong></span> <span class='ocrx_word' id='word_1_204' title='bbox 710 5233 943 5295; x_wconf 75' lang='lat' dir='ltr'><strong>contumaciam</strong></span> <span class='ocrx_word' id='word_1_205' title='bbox 958 5234 1204 5311; x_wconf 86' lang='lat' dir='ltr'><strong>erumpentibus</strong></span> <span class='ocrx_word' id='word_1_206' title='bbox 1217 5251 1303 5296; x_wconf 87' lang='lat' dir='ltr'><strong>scan-</strong></span> 
     </span>
     <span class='ocr_line' id='line_1_43' title="bbox 554 5327 1304 5405; baseline -0.003 -15"><span class='ocrx_word' id='word_1_207' title='bbox 554 5330 644 5401; x_wconf 88' lang='lat' dir='ltr'><strong>dalis,</strong></span> <span class='ocrx_word' id='word_1_208' title='bbox 675 5329 831 5404; x_wconf 90' lang='lat' dir='ltr'><strong>novisque</strong></span> <span class='ocrx_word' id='word_1_209' title='bbox 860 5327 955 5405; x_wconf 83' lang='lat' dir='ltr'><strong>saluti</strong></span> <span class='ocrx_word' id='word_1_210' title='bbox 985 5334 1110 5389; x_wconf 90' lang='lat' dir='ltr'><strong>vestrae</strong></span> <span class='ocrx_word' id='word_1_211' title='bbox 1142 5329 1304 5390; x_wconf 90' lang='lat' dir='ltr'><strong>intentatis</strong></span> 
     </span>
     <span class='ocr_line' id='line_1_44' title="bbox 554 5421 1304 5501; baseline -0.004 -17"><span class='ocrx_word' id='word_1_212' title='bbox 554 5423 717 5501; x_wconf 90' lang='lat' dir='ltr'><strong>periculis,</strong></span> <span class='ocrx_word' id='word_1_213' title='bbox 745 5421 922 5482; x_wconf 90' lang='lat' dir='ltr'><strong>iterumad</strong></span> <span class='ocrx_word' id='word_1_214' title='bbox 947 5437 1003 5482; x_wconf 94' lang='lat' dir='ltr'><strong>vos</strong></span> <span class='ocrx_word' id='word_1_215' title='bbox 1033 5421 1156 5498; x_wconf 88' lang='lat' dir='ltr'><strong>paterni</strong></span> <span class='ocrx_word' id='word_1_216' title='bbox 1185 5421 1304 5484; x_wconf 92' lang='lat' dir='ltr'><strong>doloris</strong></span> 
     </span>
     <span class='ocr_line' id='line_1_45' title="bbox 555 5515 1304 5592; baseline -0.003 -14"><span class='ocrx_word' id='word_1_217' title='bbox 555 5523 587 5578; x_wconf 89' lang='grc'><strong>01</strong></span> <span class='ocrx_word' id='word_1_218' title='bbox 618 5515 841 5578; x_wconf 82' lang='lat' dir='ltr'><strong>sollicitudinis</strong></span> <span class='ocrx_word' id='word_1_219' title='bbox 873 5530 968 5576; x_wconf 90' lang='lat' dir='ltr'><strong>voces</strong></span> <span class='ocrx_word' id='word_1_220' title='bbox 997 5515 1203 5592; x_wconf 80' lang='lat' dir='ltr'><strong>gemitusque</strong></span> <span class='ocrx_word' id='word_1_221' title='bbox 1231 5531 1304 5577; x_wconf 90' lang='lat' dir='ltr'><strong>con·</strong></span> 
     </span>
     <span class='ocr_line' id='line_1_46' title="bbox 555 5609 1302 5685; baseline 0 -16"><span class='ocrx_word' id='word_1_222' title='bbox 555 5611 729 5685; x_wconf 88' lang='lat' dir='ltr'><strong>vertimus;</strong></span> <span class='ocrx_word' id='word_1_223' title='bbox 754 5625 794 5670; x_wconf 90' lang='lat' dir='ltr'><strong>ne</strong></span> <span class='ocrx_word' id='word_1_224' title='bbox 816 5609 982 5671; x_wconf 87' lang='lat' dir='ltr'><strong>remissior</strong></span> <span class='ocrx_word' id='word_1_225' title='bbox 1004 5609 1039 5670; x_wconf 90' lang='lat' dir='ltr'><strong>ad</strong></span> <span class='ocrx_word' id='word_1_226' title='bbox 1057 5609 1302 5670; x_wconf 91' lang='lat' dir='ltr'><strong>custodiendum</strong></span> 
     </span>
     <span class='ocr_line' id='line_1_47' title="bbox 556 5701 1302 5780; baseline -0.003 -17"><span class='ocrx_word' id='word_1_227' title='bbox 556 5719 691 5780; x_wconf 83' lang='lat' dir='ltr'><strong>gregem</strong></span> <span class='ocrx_word' id='word_1_228' title='bbox 714 5720 784 5765; x_wconf 90' lang='grc'><strong>0000</strong></span> <span class='ocrx_word' id='word_1_229' title='bbox 806 5704 953 5764; x_wconf 90' lang='lat' dir='ltr'><strong>videatur</strong></span> <span class='ocrx_word' id='word_1_230' title='bbox 975 5702 1139 5779; x_wconf 88' lang='lat' dir='ltr'><strong>vigilantia</strong></span> <span class='ocrx_word' id='word_1_231' title='bbox 1155 5701 1302 5773; x_wconf 86' lang='lat' dir='ltr'><strong>Pastoris,</strong></span> 
     </span>
     <span class='ocr_line' id='line_1_48' title="bbox 556 5795 1302 5874; baseline -0.004 -16"><span class='ocrx_word' id='word_1_232' title='bbox 556 5813 650 5874; x_wconf 89' lang='lat' dir='ltr'><strong>quam</strong></span> <span class='ocrx_word' id='word_1_233' title='bbox 674 5797 825 5859; x_wconf 90' lang='lat' dir='ltr'><strong>diabolica</strong></span> <span class='ocrx_word' id='word_1_234' title='bbox 842 5796 1021 5873; x_wconf 84' lang='lat' dir='ltr'><strong>malignitas</strong></span> <span class='ocrx_word' id='word_1_235' title='bbox 1036 5795 1072 5857; x_wconf 97' lang='grc'><strong>00</strong></span> <span class='ocrx_word' id='word_1_236' title='bbox 1090 5795 1302 5873; x_wconf 89' lang='lat' dir='ltr'><strong>perdendum.</strong></span> 
     </span>
     <span class='ocr_line' id='line_1_49' title="bbox 556 5889 1303 5952; baseline -0.001 -2"><span class='ocrx_word' id='word_1_237' title='bbox 556 5891 602 5951; x_wconf 89' lang='lat' dir='ltr'><strong>Eo</strong></span> <span class='ocrx_word' id='word_1_238' title='bbox 618 5897 723 5952; x_wconf 91' lang='lat' dir='ltr'><strong>autem</strong></span> <span class='ocrx_word' id='word_1_239' title='bbox 740 5889 855 5950; x_wconf 90' lang='lat' dir='ltr'><strong>acriori</strong></span> <span class='ocrx_word' id='word_1_240' title='bbox 870 5906 966 5951; x_wconf 90' lang='lat' dir='ltr'><strong>sensu</strong></span> <span class='ocrx_word' id='word_1_241' title='bbox 982 5889 1161 5951; x_wconf 89' lang='lat' dir='ltr'><strong>acerbitatis</strong></span> <span class='ocrx_word' id='word_1_242' title='bbox 1178 5889 1303 5951; x_wconf 80' lang='lat' dir='ltr'><strong>ruinani</strong></span> 
     </span>
     <span class='ocr_line' id='line_1_50' title="bbox 556 5983 1305 6061; baseline -0.005 -15"><span class='ocrx_word' id='word_1_243' title='bbox 556 5985 805 6061; x_wconf 85' lang='lat' dir='ltr'><strong>caecitatemque</strong></span> <span class='ocrx_word' id='word_1_244' title='bbox 841 5983 1045 6045; x_wconf 79' lang='lat' dir='ltr'><strong>factiosorum</strong></span> <span class='ocrx_word' id='word_1_245' title='bbox 1079 5983 1235 6044; x_wconf 89' lang='lat' dir='ltr'><strong>dellemus</strong></span> <span class='ocrx_word' id='word_1_246' title='bbox 1270 5999 1305 6042; x_wconf 90' lang='lat' dir='ltr'><strong>ac</strong></span> 
     </span>
    </p>
   </div>
   <div class='ocr_carea' id='block_1_10' title="bbox 1062 609 1563 655">
    <p class='ocr_par' dir='ltr' id='par_1_11' title="bbox 1062 609 1563 655">
     <span class='ocr_line' id='line_1_51' title="bbox 1062 609 1563 655; baseline -0.006 0"><span class='ocrx_word' id='word_1_247' title='bbox 1062 610 1126 655; x_wconf 84' lang='lat' dir='ltr'><strong>lblt.</strong></span> <span class='ocrx_word' id='word_1_248' title='bbox 1150 611 1242 655; x_wconf 72' lang='lat' dir='ltr'><strong>abbr.</strong></span> <span class='ocrx_word' id='word_1_249' title='bbox 1266 609 1306 654; x_wconf 76' lang='lat' dir='ltr'><strong>bs</strong></span> <span class='ocrx_word' id='word_1_250' title='bbox 1329 609 1358 654; x_wconf 78' lang='lat' dir='ltr'><strong>P.</strong></span> <span class='ocrx_word' id='word_1_251' title='bbox 1383 610 1411 653; x_wconf 75' lang='lat'>1¹³.</span> <span class='ocrx_word' id='word_1_252' title='bbox 1438 609 1520 653; x_wconf 78' lang='lat' dir='ltr'><strong>PARS</strong></span> <span class='ocrx_word' id='word_1_253' title='bbox 1542 609 1563 653; x_wconf 92' lang='grc'><strong>1.</strong></span> 
     </span>
    </p>
   </div>
   <div class='ocr_carea' id='block_1_11' title="bbox 1347 728 2103 3527">
    <p class='ocr_par' dir='ltr' id='par_1_12' title="bbox 1347 728 2103 3527">
     <span class='ocr_line' id='line_1_52' title="bbox 1347 728 2094 806; baseline 0 -18"><span class='ocrx_word' id='word_1_254' title='bbox 1347 728 1556 802; x_wconf 88' lang='lat' dir='ltr'><strong>detestamur,</strong></span> <span class='ocrx_word' id='word_1_255' title='bbox 1581 744 1644 806; x_wconf 92' lang='lat' dir='ltr'><strong>quo</strong></span> <span class='ocrx_word' id='word_1_256' title='bbox 1667 730 1842 806; x_wconf 89' lang='lat' dir='ltr'><strong>pugnacius</strong></span> <span class='ocrx_word' id='word_1_257' title='bbox 1862 734 2012 806; x_wconf 89' lang='lat' dir='ltr'><strong>pergunt,</strong></span> <span class='ocrx_word' id='word_1_258' title='bbox 2030 744 2094 790; x_wconf 92' lang='lat' dir='ltr'><strong>non</strong></span> 
     </span>
     <span class='ocr_line' id='line_1_53' title="bbox 1349 822 2095 900; baseline 0.003 -18"><span class='ocrx_word' id='word_1_259' title='bbox 1349 822 1444 884; x_wconf 93' lang='lat' dir='ltr'><strong>modo</strong></span> <span class='ocrx_word' id='word_1_260' title='bbox 1473 823 1664 900; x_wconf 87' lang='lat' dir='ltr'><strong>apostolicis,</strong></span> <span class='ocrx_word' id='word_1_261' title='bbox 1689 823 1744 884; x_wconf 93' lang='lat' dir='ltr'><strong>sed</strong></span> <span class='ocrx_word' id='word_1_262' title='bbox 1774 823 1890 884; x_wconf 91' lang='lat' dir='ltr'><strong>divinis</strong></span> <span class='ocrx_word' id='word_1_263' title='bbox 1913 824 2008 885; x_wconf 88' lang='lat' dir='ltr'><strong>etiam</strong></span> <span class='ocrx_word' id='word_1_264' title='bbox 2031 825 2095 884; x_wconf 89' lang='lat' dir='ltr'><strong>ani-</strong></span> 
     </span>
     <span class='ocr_line' id='line_1_54' title="bbox 1348 915 2095 980; baseline 0.004 -3"><span class='ocrx_word' id='word_1_265' title='bbox 1348 915 1626 978; x_wconf 90' lang='lat' dir='ltr'><strong>madversionibus</strong></span> <span class='ocrx_word' id='word_1_266' title='bbox 1649 917 1815 978; x_wconf 85' lang='lat' dir='ltr'><strong>obluctari.</strong></span> <span class='ocrx_word' id='word_1_267' title='bbox 1839 916 1909 978; x_wconf 92' lang='lat' dir='ltr'><strong>Non</strong></span> <span class='ocrx_word' id='word_1_268' title='bbox 1932 919 2018 980; x_wconf 88' lang='lat' dir='ltr'><strong>enirn</strong></span> <span class='ocrx_word' id='word_1_269' title='bbox 2041 934 2095 980; x_wconf 91' lang='lat' dir='ltr'><strong>vo-</strong></span> 
     </span>
     <span class='ocr_line' id='line_1_55' title="bbox 1348 1010 2096 1086; baseline 0.003 -15"><span class='ocrx_word' id='word_1_270' title='bbox 1348 1011 1394 1072; x_wconf 93' lang='lat' dir='ltr'><strong>bis</strong></span> <span class='ocrx_word' id='word_1_271' title='bbox 1415 1010 1492 1072; x_wconf 89' lang='lat' dir='ltr'><strong>latet</strong></span> <span class='ocrx_word' id='word_1_272' title='bbox 1513 1011 1667 1086; x_wconf 90' lang='lat' dir='ltr'><strong>quidquid</strong></span> <span class='ocrx_word' id='word_1_273' title='bbox 1691 1011 1726 1072; x_wconf 91' lang='grc'><strong>00</strong></span> <span class='ocrx_word' id='word_1_274' title='bbox 1743 1011 1916 1072; x_wconf 85' lang='lat' dir='ltr'><strong>avertenda</strong></span> <span class='ocrx_word' id='word_1_275' title='bbox 1937 1018 2096 1073; x_wconf 89' lang='grc'><strong>010000-</strong></span> 
     </span>
     <span class='ocr_line' id='line_1_56' title="bbox 1347 1103 2096 1182; baseline 0 -15"><span class='ocrx_word' id='word_1_276' title='bbox 1347 1105 1447 1167; x_wconf 88' lang='lat' dir='ltr'><strong>danda</strong></span> <span class='ocrx_word' id='word_1_277' title='bbox 1464 1104 1682 1182; x_wconf 84' lang='lat' dir='ltr'><strong>perversitatis</strong></span> <span class='ocrx_word' id='word_1_278' title='bbox 1698 1103 1845 1181; x_wconf 77' lang='lat' dir='ltr'><strong>exempla</strong></span> <span class='ocrx_word' id='word_1_279' title='bbox 1857 1111 1966 1166; x_wconf 90' lang='lat' dir='ltr'><strong>contra</strong></span> <span class='ocrx_word' id='word_1_280' title='bbox 1988 1121 2096 1167; x_wconf 89' lang='lat' dir='ltr'><strong>sanam</strong></span> 
     </span>
     <span class='ocr_line' id='line_1_57' title="bbox 1348 1198 2097 1275; baseline -0.001 -14"><span class='ocrx_word' id='word_1_281' title='bbox 1348 1199 1523 1261; x_wconf 91' lang='lat' dir='ltr'><strong>doctrinam</strong></span> <span class='ocrx_word' id='word_1_282' title='bbox 1544 1198 1808 1275; x_wconf 88' lang='lat' dir='ltr'><strong>disciplinamque</strong></span> <span class='ocrx_word' id='word_1_283' title='bbox 1829 1199 2097 1260; x_wconf 88' lang='grc'><strong>00000100010110</strong></span> 
     </span>
     <span class='ocr_line' id='line_1_58' title="bbox 1347 1291 2095 1368; baseline 0.001 -16"><span class='ocrx_word' id='word_1_284' title='bbox 1347 1291 1477 1352; x_wconf 91' lang='lat' dir='ltr'><strong>suborta</strong></span> <span class='ocrx_word' id='word_1_285' title='bbox 1509 1291 1668 1352; x_wconf 85' lang='lat' dir='ltr'><strong>ediximus</strong></span> <span class='ocrx_word' id='word_1_286' title='bbox 1699 1307 1733 1354; x_wconf 91' lang='lat' dir='ltr'><strong>ac</strong></span> <span class='ocrx_word' id='word_1_287' title='bbox 1765 1293 1941 1368; x_wconf 88' lang='lat' dir='ltr'><strong>gessimus,</strong></span> <span class='ocrx_word' id='word_1_288' title='bbox 1973 1293 2095 1354; x_wconf 89' lang='lat' dir='ltr'><strong>irritam</strong></span> 
     </span>
     <span class='ocr_line' id='line_1_59' title="bbox 1349 1383 2097 1462; baseline 0.007 -19"><span class='ocrx_word' id='word_1_289' title='bbox 1349 1385 1536 1462; x_wconf 86' lang='lat' dir='ltr'><strong>praesertim</strong></span> <span class='ocrx_word' id='word_1_290' title='bbox 1560 1383 1750 1446; x_wconf 88' lang='lat' dir='ltr'><strong>electionem</strong></span> <span class='ocrx_word' id='word_1_291' title='bbox 1775 1391 1807 1445; x_wconf 90' lang='grc'><strong>01</strong></span> <span class='ocrx_word' id='word_1_292' title='bbox 1822 1386 2007 1462; x_wconf 85' lang='lat' dir='ltr'><strong>sacrilegam</strong></span> <span class='ocrx_word' id='word_1_293' title='bbox 2024 1403 2097 1448; x_wconf 91' lang='lat' dir='ltr'><strong>con-</strong></span> 
     </span>
     <span class='ocr_line' id='line_1_60' title="bbox 1348 1475 2098 1542; baseline 0.004 -4"><span class='ocrx_word' id='word_1_294' title='bbox 1348 1479 1558 1540; x_wconf 88' lang='lat' dir='ltr'><strong>secrationem</strong></span> <span class='ocrx_word' id='word_1_295' title='bbox 1575 1477 1715 1540; x_wconf 87' lang='lat' dir='ltr'><strong>Cornelii</strong></span> <span class='ocrx_word' id='word_1_296' title='bbox 1738 1477 1921 1540; x_wconf 89' lang='lat' dir='ltr'><strong>Steenoven</strong></span> <span class='ocrx_word' id='word_1_297' title='bbox 1937 1475 2098 1542; x_wconf 88' lang='lat' dir='ltr'><strong>declaran-</strong></span> 
     </span>
     <span class='ocr_line' id='line_1_61' title="bbox 1351 1572 2098 1649; baseline 0.001 -16"><span class='ocrx_word' id='word_1_298' title='bbox 1351 1583 1396 1633; x_wconf 86' lang='lat' dir='ltr'><strong>tes</strong></span> <span class='ocrx_word' id='word_1_299' title='bbox 1425 1590 1459 1633; x_wconf 88' lang='grc'><strong>00</strong></span> <span class='ocrx_word' id='word_1_300' title='bbox 1487 1572 1678 1643; x_wconf 88' lang='lat' dir='ltr'><strong>reiicientcs,</strong></span> <span class='ocrx_word' id='word_1_301' title='bbox 1713 1588 1853 1649; x_wconf 91' lang='lat' dir='ltr'><strong>eumque</strong></span> <span class='ocrx_word' id='word_1_302' title='bbox 1881 1574 2098 1636; x_wconf 88' lang='lat' dir='ltr'><strong>ecclesiasticis</strong></span> 
     </span>
     <span class='ocr_line' id='line_1_62' title="bbox 1348 1666 2098 1747; baseline 0.004 -19"><span class='ocrx_word' id='word_1_303' title='bbox 1348 1667 1511 1738; x_wconf 90' lang='lat' dir='ltr'><strong>censuris,</strong></span> <span class='ocrx_word' id='word_1_304' title='bbox 1550 1681 1607 1744; x_wconf 89' lang='lat' dir='ltr'><strong>per</strong></span> <span class='ocrx_word' id='word_1_305' title='bbox 1639 1667 1725 1727; x_wconf 83' lang='lat' dir='ltr'><strong>datas</strong></span> <span class='ocrx_word' id='word_1_306' title='bbox 1757 1666 1807 1728; x_wconf 91' lang='lat' dir='ltr'><strong>die</strong></span> <span class='ocrx_word' id='word_1_307' title='bbox 1841 1669 2098 1747; x_wconf 88' lang='lat' dir='ltr'><strong>vigesimaprima</strong></span> 
     </span>
     <span class='ocr_line' id='line_1_63' title="bbox 1349 1760 2098 1840; baseline 0.005 -18"><span class='ocrx_word' id='word_1_308' title='bbox 1349 1762 1468 1823; x_wconf 90' lang='lat' dir='ltr'><strong>mensis</strong></span> <span class='ocrx_word' id='word_1_309' title='bbox 1491 1760 1643 1822; x_wconf 80' lang='lat' dir='ltr'><strong>februarii</strong></span> <span class='ocrx_word' id='word_1_310' title='bbox 1666 1761 1813 1838; x_wconf 81' lang='lat' dir='ltr'><strong>proxime</strong></span> <span class='ocrx_word' id='word_1_311' title='bbox 1834 1761 1932 1840; x_wconf 86' lang='lat' dir='ltr'><strong>clapsi</strong></span> <span class='ocrx_word' id='word_1_312' title='bbox 1948 1763 1980 1824; x_wconf 93' lang='lat' dir='ltr'><strong>in</strong></span> <span class='ocrx_word' id='word_1_313' title='bbox 1997 1763 2098 1826; x_wconf 86' lang='lat' dir='ltr'><strong>torma</strong></span> 
     </span>
     <span class='ocr_line' id='line_1_64' title="bbox 1348 1853 2098 1924; baseline 0.001 -7"><span class='ocrx_word' id='word_1_314' title='bbox 1348 1855 1456 1918; x_wconf 87' lang='lat' dir='ltr'><strong>brevis</strong></span> <span class='ocrx_word' id='word_1_315' title='bbox 1479 1853 1599 1924; x_wconf 89' lang='lat' dir='ltr'><strong>literas,</strong></span> <span class='ocrx_word' id='word_1_316' title='bbox 1623 1855 1660 1915; x_wconf 90' lang='lat' dir='ltr'><strong>ab</strong></span> <span class='ocrx_word' id='word_1_317' title='bbox 1683 1855 1771 1916; x_wconf 91' lang='lat' dir='ltr'><strong>omni</strong></span> <span class='ocrx_word' id='word_1_318' title='bbox 1800 1856 2021 1920; x_wconf 89' lang='lat' dir='ltr'><strong>iurisdictione</strong></span> <span class='ocrx_word' id='word_1_319' title='bbox 2052 1875 2098 1919; x_wconf 91' lang='lat' dir='ltr'><strong>ar·</strong></span> 
     </span>
     <span class='ocr_line' id='line_1_65' title="bbox 1349 1948 2098 2030; baseline 0.009 -21"><span class='ocrx_word' id='word_1_320' title='bbox 1349 1949 1493 2027; x_wconf 90' lang='lat' dir='ltr'><strong>ripienda</strong></span> <span class='ocrx_word' id='word_1_321' title='bbox 1516 1955 1547 2010; x_wconf 89' lang='lat' dir='ltr'><strong>et</strong></span> <span class='ocrx_word' id='word_1_322' title='bbox 1570 1948 1803 2024; x_wconf 85' lang='lat' dir='ltr'><strong>pontificalibus</strong></span> <span class='ocrx_word' id='word_1_323' title='bbox 1819 1951 2007 2012; x_wconf 84' lang='lat' dir='ltr'><strong>exercendis</strong></span> <span class='ocrx_word' id='word_1_324' title='bbox 2029 1968 2098 2030; x_wconf 90' lang='lat' dir='ltr'><strong>pro-</strong></span> 
     </span>
     <span class='ocr_line' id='line_1_66' title="bbox 1351 2043 2100 2108; baseline 0.005 -4"><span class='ocrx_word' id='word_1_325' title='bbox 1351 2044 1498 2105; x_wconf 80' lang='lat' dir='ltr'><strong>hibentes</strong></span> <span class='ocrx_word' id='word_1_326' title='bbox 1520 2059 1553 2104; x_wconf 92' lang='lat' dir='ltr'><strong>ac</strong></span> <span class='ocrx_word' id='word_1_327' title='bbox 1575 2043 1788 2104; x_wconf 90' lang='lat' dir='ltr'><strong>deterrentes.</strong></span> <span class='ocrx_word' id='word_1_328' title='bbox 1813 2043 1900 2105; x_wconf 76' lang='lat' dir='ltr'><strong>liliis</strong></span> <span class='ocrx_word' id='word_1_329' title='bbox 1918 2053 2023 2108; x_wconf 91' lang='lat' dir='ltr'><strong>tamen</strong></span> <span class='ocrx_word' id='word_1_330' title='bbox 2039 2047 2100 2108; x_wconf 90' lang='lat' dir='ltr'><strong>dis-</strong></span> 
     </span>
     <span class='ocr_line' id='line_1_67' title="bbox 1349 2137 2100 2211; baseline 0.005 -12"><span class='ocrx_word' id='word_1_331' title='bbox 1349 2139 1506 2201; x_wconf 90' lang='lat' dir='ltr'><strong>sensionis</strong></span> <span class='ocrx_word' id='word_1_332' title='bbox 1529 2137 1754 2200; x_wconf 90' lang='lat' dir='ltr'><strong>obturantibus</strong></span> <span class='ocrx_word' id='word_1_333' title='bbox 1782 2153 1874 2200; x_wconf 90' lang='lat' dir='ltr'><strong>aures</strong></span> <span class='ocrx_word' id='word_1_334' title='bbox 1903 2155 1986 2211; x_wconf 84' lang='lat' dir='ltr'><strong>suas,</strong></span> <span class='ocrx_word' id='word_1_335' title='bbox 2017 2141 2100 2202; x_wconf 88' lang='lat' dir='ltr'><strong>Deus</strong></span> 
     </span>
     <span class='ocr_line' id='line_1_68' title="bbox 1351 2231 2098 2312; baseline 0 -16"><span class='ocrx_word' id='word_1_336' title='bbox 1351 2233 1504 2296; x_wconf 91' lang='lat' dir='ltr'><strong>terribilis</strong></span> <span class='ocrx_word' id='word_1_337' title='bbox 1534 2241 1566 2294; x_wconf 91' lang='lat' dir='ltr'><strong>et</strong></span> <span class='ocrx_word' id='word_1_338' title='bbox 1593 2231 1696 2300; x_wconf 87' lang='lat' dir='ltr'><strong>lortls,</strong></span> <span class='ocrx_word' id='word_1_339' title='bbox 1729 2247 1826 2309; x_wconf 92' lang='lat' dir='ltr'><strong>quem</strong></span> <span class='ocrx_word' id='word_1_340' title='bbox 1860 2233 1906 2294; x_wconf 96' lang='lat' dir='ltr'><strong>illi</strong></span> <span class='ocrx_word' id='word_1_341' title='bbox 1940 2249 1997 2312; x_wconf 90' lang='lat' dir='ltr'><strong>per</strong></span> <span class='ocrx_word' id='word_1_342' title='bbox 2030 2252 2098 2308; x_wconf 94' lang='lat' dir='ltr'><strong>nos,</strong></span> 
     </span>
     <span class='ocr_line' id='line_1_69' title="bbox 1350 2326 2087 2402; baseline 0.001 -13"><span class='ocrx_word' id='word_1_343' title='bbox 1350 2328 1425 2389; x_wconf 90' lang='lat' dir='ltr'><strong>licet</strong></span> <span class='ocrx_word' id='word_1_344' title='bbox 1445 2327 1635 2396; x_wconf 90' lang='lat' dir='ltr'><strong>immeritos,</strong></span> <span class='ocrx_word' id='word_1_345' title='bbox 1659 2326 1846 2402; x_wconf 90' lang='lat' dir='ltr'><strong>loquentem</strong></span> <span class='ocrx_word' id='word_1_346' title='bbox 1863 2329 1973 2389; x_wconf 91' lang='lat' dir='ltr'><strong>audire</strong></span> <span class='ocrx_word' id='word_1_347' title='bbox 1990 2329 2087 2390; x_wconf 90' lang='lat' dir='ltr'><strong>nolue</strong></span> 
     </span>
     <span class='ocr_line' id='line_1_70' title="bbox 1351 2424 2098 2498; baseline 0.005 -18"><span class='ocrx_word' id='word_1_348' title='bbox 1351 2429 1437 2492; x_wconf 90' lang='lat' dir='ltr'><strong>runt,</strong></span> <span class='ocrx_word' id='word_1_349' title='bbox 1462 2429 1624 2498; x_wconf 83' lang='lat' dir='ltr'><strong>atquem,</strong></span> <span class='ocrx_word' id='word_1_350' title='bbox 1648 2427 1754 2497; x_wconf 91' lang='lat' dir='ltr'><strong>spreta</strong></span> <span class='ocrx_word' id='word_1_351' title='bbox 1776 2424 2098 2496; x_wconf 88' lang='lat' dir='ltr'><strong>nostraauctoritate,</strong></span> 
     </span>
     <span class='ocr_line' id='line_1_71' title="bbox 1350 2514 2101 2593; baseline 0.003 -17"><span class='ocrx_word' id='word_1_352' title='bbox 1350 2523 1556 2593; x_wconf 88' lang='lat' dir='ltr'><strong>spreverunt,</strong></span> <span class='ocrx_word' id='word_1_353' title='bbox 1592 2514 1737 2576; x_wconf 77' lang='lat' dir='ltr'><strong>extendit</strong></span> <span class='ocrx_word' id='word_1_354' title='bbox 1770 2530 1899 2576; x_wconf 89' lang='lat' dir='ltr'><strong>manum</strong></span> <span class='ocrx_word' id='word_1_355' title='bbox 1933 2533 2035 2590; x_wconf 90' lang='lat' dir='ltr'><strong>suam,</strong></span> <span class='ocrx_word' id='word_1_356' title='bbox 2066 2527 2101 2580; x_wconf 92' lang='lat' dir='ltr'><strong>ut</strong></span> 
     </span>
     <span class='ocr_line' id='line_1_72' title="bbox 1351 2610 2101 2686; baseline 0.001 -13"><span class='ocrx_word' id='word_1_357' title='bbox 1351 2617 1496 2674; x_wconf 91' lang='lat' dir='ltr'><strong>errantes</strong></span> <span class='ocrx_word' id='word_1_358' title='bbox 1518 2625 1575 2686; x_wconf 92' lang='lat' dir='ltr'><strong>per</strong></span> <span class='ocrx_word' id='word_1_359' title='bbox 1597 2610 1814 2672; x_wconf 84' lang='lat' dir='ltr'><strong>ostensionem</strong></span> <span class='ocrx_word' id='word_1_360' title='bbox 1839 2612 1966 2674; x_wconf 90' lang='lat' dir='ltr'><strong>virtutis</strong></span> <span class='ocrx_word' id='word_1_361' title='bbox 1989 2629 2064 2674; x_wconf 91' lang='lat' dir='ltr'><strong>suae</strong></span> <span class='ocrx_word' id='word_1_362' title='bbox 2086 2633 2101 2674; x_wconf 90' lang='lat' dir='ltr'><strong>a</strong></span> 
     </span>
     <span class='ocr_line' id='line_1_73' title="bbox 1351 2703 2101 2782; baseline 0.005 -20"><span class='ocrx_word' id='word_1_363' title='bbox 1351 2706 1410 2766; x_wconf 92' lang='lat' dir='ltr'><strong>viis</strong></span> <span class='ocrx_word' id='word_1_364' title='bbox 1427 2703 1571 2782; x_wconf 89' lang='lat' dir='ltr'><strong>pessimis</strong></span> <span class='ocrx_word' id='word_1_365' title='bbox 1587 2710 1763 2765; x_wconf 85' lang='lat' dir='ltr'><strong>revocaret.</strong></span> <span class='ocrx_word' id='word_1_366' title='bbox 1779 2703 1856 2765; x_wconf 90' lang='lat' dir='ltr'><strong>Nam</strong></span> <span class='ocrx_word' id='word_1_367' title='bbox 1870 2704 1970 2766; x_wconf 90' lang='lat' dir='ltr'><strong>literis</strong></span> <span class='ocrx_word' id='word_1_368' title='bbox 1983 2707 2101 2768; x_wconf 86' lang='lat' dir='ltr'><strong>nostris</strong></span> 
     </span>
     <span class='ocr_line' id='line_1_74' title="bbox 1352 2797 2100 2876; baseline 0 -16"><span class='ocrx_word' id='word_1_369' title='bbox 1352 2799 1402 2861; x_wconf 92' lang='lat' dir='ltr'><strong>die</strong></span> <span class='ocrx_word' id='word_1_370' title='bbox 1434 2797 1692 2874; x_wconf 77' lang='lat' dir='ltr'><strong>decimoseptimo</strong></span> <span class='ocrx_word' id='word_1_371' title='bbox 1729 2797 1849 2859; x_wconf 88' lang='lat' dir='ltr'><strong>mensis</strong></span> <span class='ocrx_word' id='word_1_372' title='bbox 1883 2799 1985 2858; x_wconf 92' lang='lat' dir='ltr'><strong>martii</strong></span> <span class='ocrx_word' id='word_1_373' title='bbox 2019 2799 2100 2876; x_wconf 92' lang='lat' dir='ltr'><strong>apud</strong></span> 
     </span>
     <span class='ocr_line' id='line_1_75' title="bbox 1351 2890 2101 2967; baseline 0.001 -16"><span class='ocrx_word' id='word_1_374' title='bbox 1351 2908 1409 2954; x_wconf 92' lang='lat' dir='ltr'><strong>vos</strong></span> <span class='ocrx_word' id='word_1_375' title='bbox 1431 2890 1602 2967; x_wconf 85' lang='lat' dir='ltr'><strong>evulgatis,</strong></span> <span class='ocrx_word' id='word_1_376' title='bbox 1619 2906 1692 2952; x_wconf 90' lang='lat' dir='ltr'><strong>cum</strong></span> <span class='ocrx_word' id='word_1_377' title='bbox 1713 2891 1798 2952; x_wconf 92' lang='lat' dir='ltr'><strong>idem</strong></span> <span class='ocrx_word' id='word_1_378' title='bbox 1814 2891 1984 2954; x_wconf 85' lang='lat' dir='ltr'><strong>Cornelius</strong></span> <span class='ocrx_word' id='word_1_379' title='bbox 2000 2891 2032 2953; x_wconf 95' lang='lat' dir='ltr'><strong>in</strong></span> <span class='ocrx_word' id='word_1_380' title='bbox 2046 2907 2101 2953; x_wconf 90' lang='lat' dir='ltr'><strong>sua</strong></span> 
     </span>
     <span class='ocr_line' id='line_1_76' title="bbox 1354 2983 2103 3064; baseline 0 -16"><span class='ocrx_word' id='word_1_381' title='bbox 1354 2984 1527 3064; x_wconf 89' lang='lat' dir='ltr'><strong>pervicacia</strong></span> <span class='ocrx_word' id='word_1_382' title='bbox 1551 2983 1738 3046; x_wconf 79' lang='lat' dir='ltr'><strong>obfirmatus</strong></span> <span class='ocrx_word' id='word_1_383' title='bbox 1760 2985 1913 3060; x_wconf 91' lang='lat' dir='ltr'><strong>sacrilega</strong></span> <span class='ocrx_word' id='word_1_384' title='bbox 1937 3001 2033 3047; x_wconf 90' lang='lat' dir='ltr'><strong>manu</strong></span> <span class='ocrx_word' id='word_1_385' title='bbox 2050 2985 2103 3048; x_wconf 90' lang='lat' dir='ltr'><strong>Sa·</strong></span> 
     </span>
     <span class='ocr_line' id='line_1_77' title="bbox 1353 3076 2101 3154; baseline 0 -14"><span class='ocrx_word' id='word_1_386' title='bbox 1353 3085 1553 3140; x_wconf 83' lang='lat' dir='ltr'><strong>crementum</strong></span> <span class='ocrx_word' id='word_1_387' title='bbox 1576 3076 1836 3138; x_wconf 79' lang='lat' dir='ltr'><strong>confirmationis</strong></span> <span class='ocrx_word' id='word_1_388' title='bbox 1852 3079 1952 3154; x_wconf 90' lang='lat' dir='ltr'><strong>palam</strong></span> <span class='ocrx_word' id='word_1_389' title='bbox 1969 3079 2101 3140; x_wconf 91' lang='lat' dir='ltr'><strong>admini-</strong></span> 
     </span>
     <span class='ocr_line' id='line_1_78' title="bbox 1353 3169 2102 3246; baseline -0.001 -12"><span class='ocrx_word' id='word_1_390' title='bbox 1353 3181 1454 3234; x_wconf 89' lang='lat' dir='ltr'><strong>strare</strong></span> <span class='ocrx_word' id='word_1_391' title='bbox 1486 3169 1684 3246; x_wconf 75' lang='lat' dir='ltr'><strong>ordinesque</strong></span> <span class='ocrx_word' id='word_1_392' title='bbox 1716 3169 1864 3230; x_wconf 86' lang='lat' dir='ltr'><strong>conterre</strong></span> <span class='ocrx_word' id='word_1_393' title='bbox 1897 3187 1961 3232; x_wconf 93' lang='lat' dir='ltr'><strong>non</strong></span> <span class='ocrx_word' id='word_1_394' title='bbox 1993 3171 2102 3235; x_wconf 88' lang='lat' dir='ltr'><strong>lormi-</strong></span> 
     </span>
     <span class='ocr_line' id='line_1_79' title="bbox 1353 3263 2103 3343; baseline 0.003 -16"><span class='ocrx_word' id='word_1_395' title='bbox 1353 3267 1467 3336; x_wconf 90' lang='lat' dir='ltr'><strong>dasset,</strong></span> <span class='ocrx_word' id='word_1_396' title='bbox 1492 3263 1601 3326; x_wconf 91' lang='lat' dir='ltr'><strong>letbali</strong></span> <span class='ocrx_word' id='word_1_397' title='bbox 1625 3263 1737 3325; x_wconf 92' lang='lat' dir='ltr'><strong>morbo</strong></span> <span class='ocrx_word' id='word_1_398' title='bbox 1759 3271 1926 3341; x_wconf 89' lang='lat' dir='ltr'><strong>correptus</strong></span> <span class='ocrx_word' id='word_1_399' title='bbox 1947 3265 2103 3343; x_wconf 89' lang='lat' dir='ltr'><strong>brevique</strong></span> 
     </span>
     <span class='ocr_line' id='line_1_80' title="bbox 1354 3357 2103 3436; baseline -0.001 -14"><span class='ocrx_word' id='word_1_400' title='bbox 1354 3365 1564 3436; x_wconf 90' lang='lat' dir='ltr'><strong>consumptus</strong></span> <span class='ocrx_word' id='word_1_401' title='bbox 1586 3359 1622 3420; x_wconf 91' lang='lat' dir='ltr'><strong>ad</strong></span> <span class='ocrx_word' id='word_1_402' title='bbox 1647 3358 1852 3419; x_wconf 89' lang='lat' dir='ltr'><strong>tremendum</strong></span> <span class='ocrx_word' id='word_1_403' title='bbox 1874 3357 1994 3421; x_wconf 83' lang='lat' dir='ltr'><strong>Cbristi</strong></span> <span class='ocrx_word' id='word_1_404' title='bbox 2023 3360 2103 3422; x_wconf 93' lang='lat' dir='ltr'><strong>iudi-</strong></span> 
     </span>
     <span class='ocr_line' id='line_1_81' title="bbox 1354 3451 2103 3527; baseline -0.003 -11"><span class='ocrx_word' id='word_1_405' title='bbox 1354 3455 1438 3516; x_wconf 90' lang='lat' dir='ltr'><strong>cium</strong></span> <span class='ocrx_word' id='word_1_406' title='bbox 1473 3451 1735 3527; x_wconf 88' lang='lat' dir='ltr'><strong>reddendamque</strong></span> <span class='ocrx_word' id='word_1_407' title='bbox 1768 3457 1814 3512; x_wconf 88' lang='lat' dir='ltr'><strong>tot</strong></span> <span class='ocrx_word' id='word_1_408' title='bbox 1846 3452 2005 3516; x_wconf 89' lang='lat' dir='ltr'><strong>malorum</strong></span> <span class='ocrx_word' id='word_1_409' title='bbox 2038 3461 2103 3515; x_wconf 93' lang='lat' dir='ltr'><strong>tur-</strong></span> 
     </span>
    </p>
   </div>
   <div class='ocr_carea' id='block_1_12' title="bbox 1356 3545 2120 3624">
    <p class='ocr_par' dir='ltr' id='par_1_13' title="bbox 1356 3545 2120 3624">
     <span class='ocr_line' id='line_1_82' title="bbox 1356 3545 2120 3624; baseline -0.001 -14"><span class='ocrx_word' id='word_1_410' title='bbox 1356 3549 1534 3624; x_wconf 88' lang='lat' dir='ltr'><strong>barumque</strong></span> <span class='ocrx_word' id='word_1_411' title='bbox 1564 3545 1740 3617; x_wconf 90' lang='lat' dir='ltr'><strong>rationem,</strong></span> <span class='ocrx_word' id='word_1_412' title='bbox 1775 3545 1826 3607; x_wconf 90' lang='lat' dir='ltr'><strong>die</strong></span> <span class='ocrx_word' id='word_1_413' title='bbox 1858 3546 1950 3608; x_wconf 88' lang='lat' dir='ltr'><strong>tertia</strong></span> <span class='ocrx_word' id='word_1_414' title='bbox 1983 3549 2120 3609; x_wconf 87' lang='lat' dir='ltr'><strong>mensis</strong></span> 
     </span>
    </p>
   </div>
   <div class='ocr_carea' id='block_1_13' title="bbox 1355 3638 2113 6060">
    <p class='ocr_par' dir='ltr' id='par_1_14' title="bbox 1355 3638 2113 6060">
     <span class='ocr_line' id='line_1_83' title="bbox 1355 3638 2104 3718; baseline 0.003 -16"><span class='ocrx_word' id='word_1_415' title='bbox 1355 3639 1463 3718; x_wconf 91' lang='lat' dir='ltr'><strong>aprilis</strong></span> <span class='ocrx_word' id='word_1_416' title='bbox 1478 3646 1628 3702; x_wconf 87' lang='lat' dir='ltr'><strong>evocatus</strong></span> <span class='ocrx_word' id='word_1_417' title='bbox 1644 3638 1762 3700; x_wconf 75' lang='lat' dir='ltr'><strong>ostile</strong></span> <span class='ocrx_word' id='word_1_418' title='bbox 1778 3640 1908 3716; x_wconf 90' lang='lat' dir='ltr'><strong>quidem</strong></span> <span class='ocrx_word' id='word_1_419' title='bbox 1926 3648 2014 3702; x_wconf 89' lang='lat' dir='ltr'><strong>metu</strong></span> <span class='ocrx_word' id='word_1_420' title='bbox 2031 3659 2104 3704; x_wconf 92' lang='lat' dir='ltr'><strong>con-</strong></span> 
     </span>
     <span class='ocr_line' id='line_1_84' title="bbox 1356 3730 2103 3798; baseline 0.003 -2"><span class='ocrx_word' id='word_1_421' title='bbox 1356 3750 1465 3796; x_wconf 88' lang='lat' dir='ltr'><strong>cussos</strong></span> <span class='ocrx_word' id='word_1_422' title='bbox 1487 3734 1652 3795; x_wconf 89' lang='lat' dir='ltr'><strong>damnatae</strong></span> <span class='ocrx_word' id='word_1_423' title='bbox 1675 3730 1819 3794; x_wconf 83' lang='lat' dir='ltr'><strong>lectionis</strong></span> <span class='ocrx_word' id='word_1_424' title='bbox 1840 3733 1973 3796; x_wconf 92' lang='lat' dir='ltr'><strong>clericos</strong></span> <span class='ocrx_word' id='word_1_425' title='bbox 1995 3737 2103 3798; x_wconf 91' lang='lat' dir='ltr'><strong>adcor</strong></span> 
     </span>
     <span class='ocr_line' id='line_1_85' title="bbox 1356 3826 2100 3906; baseline 0.003 -18"><span class='ocrx_word' id='word_1_426' title='bbox 1356 3827 1518 3890; x_wconf 90' lang='lat' dir='ltr'><strong>redituros</strong></span> <span class='ocrx_word' id='word_1_427' title='bbox 1543 3826 1771 3904; x_wconf 79' lang='grc' dir='ltr'><strong>000000000ος</strong></span> <span class='ocrx_word' id='word_1_428' title='bbox 1801 3843 1873 3888; x_wconf 86' lang='grc'><strong>000</strong></span> <span class='ocrx_word' id='word_1_429' title='bbox 1900 3830 2100 3906; x_wconf 89' lang='lat' dir='ltr'><strong>praesertim,</strong></span> 
     </span>
     <span class='ocr_line' id='line_1_86' title="bbox 1356 3920 2104 4000; baseline 0.001 -17"><span class='ocrx_word' id='word_1_430' title='bbox 1356 3925 1430 3983; x_wconf 92' lang='lat' dir='ltr'><strong>anni</strong></span> <span class='ocrx_word' id='word_1_431' title='bbox 1452 3921 1553 4000; x_wconf 91' lang='lat' dir='ltr'><strong>spatio</strong></span> <span class='ocrx_word' id='word_1_432' title='bbox 1575 3920 1718 3981; x_wconf 91' lang='lat' dir='ltr'><strong>nondum</strong></span> <span class='ocrx_word' id='word_1_433' title='bbox 1742 3926 1863 3991; x_wconf 78' lang='lat' dir='ltr'><strong>exacte,</strong></span> <span class='ocrx_word' id='word_1_434' title='bbox 1894 3928 1955 3982; x_wconf 92' lang='grc'><strong>100</strong></span> <span class='ocrx_word' id='word_1_435' title='bbox 1984 3924 2104 3984; x_wconf 90' lang='grc'><strong>001001-</strong></span> 
     </span>
     <span class='ocr_line' id='line_1_87' title="bbox 1356 4017 2104 4095; baseline 0 -15"><span class='ocrx_word' id='word_1_436' title='bbox 1356 4025 1424 4080; x_wconf 87' lang='grc'><strong>0100</strong></span> <span class='ocrx_word' id='word_1_437' title='bbox 1446 4017 1625 4088; x_wconf 84' lang='lat' dir='ltr'><strong>Cornelius,</strong></span> <span class='ocrx_word' id='word_1_438' title='bbox 1654 4031 1749 4093; x_wconf 92' lang='lat' dir='ltr'><strong>quam</strong></span> <span class='ocrx_word' id='word_1_439' title='bbox 1777 4019 1946 4095; x_wconf 86' lang='lat' dir='ltr'><strong>presbyter</strong></span> <span class='ocrx_word' id='word_1_440' title='bbox 1975 4018 2104 4080; x_wconf 91' lang='lat' dir='ltr'><strong>lacobus</strong></span> 
     </span>
     <span class='ocr_line' id='line_1_88' title="bbox 1357 4109 2103 4190; baseline 0.003 -18"><span class='ocrx_word' id='word_1_441' title='bbox 1357 4113 1448 4190; x_wconf 86' lang='lat' dir='ltr'><strong>Krys,</strong></span> <span class='ocrx_word' id='word_1_442' title='bbox 1473 4109 1526 4186; x_wconf 94' lang='lat' dir='ltr'><strong>qui</strong></span> <span class='ocrx_word' id='word_1_443' title='bbox 1549 4109 1776 4170; x_wconf 85' lang='lat' dir='ltr'><strong>vehementior</strong></span> <span class='ocrx_word' id='word_1_444' title='bbox 1809 4125 1883 4187; x_wconf 88' lang='lat' dir='ltr'><strong>prae</strong></span> <span class='ocrx_word' id='word_1_445' title='bbox 1915 4112 2030 4173; x_wconf 90' lang='lat' dir='ltr'><strong>ceteris</strong></span> <span class='ocrx_word' id='word_1_446' title='bbox 2052 4129 2103 4175; x_wconf 88' lang='lat' dir='ltr'><strong>au·</strong></span> 
     </span>
     <span class='ocr_line' id='line_1_89' title="bbox 1356 4203 2105 4279; baseline 0.001 -12"><span class='ocrx_word' id='word_1_447' title='bbox 1356 4211 1424 4267; x_wconf 91' lang='lat' dir='ltr'><strong>ctor</strong></span> <span class='ocrx_word' id='word_1_448' title='bbox 1456 4203 1561 4266; x_wconf 88' lang='lat' dir='ltr'><strong>luerat</strong></span> <span class='ocrx_word' id='word_1_449' title='bbox 1581 4203 1754 4279; x_wconf 88' lang='lat' dir='ltr'><strong>sacrilegae</strong></span> <span class='ocrx_word' id='word_1_450' title='bbox 1781 4205 2040 4278; x_wconf 88' lang='lat' dir='ltr'><strong>consecrationis,</strong></span> <span class='ocrx_word' id='word_1_451' title='bbox 2074 4215 2105 4268; x_wconf 90' lang='grc'><strong>01</strong></span> 
     </span>
     <span class='ocr_line' id='line_1_90' title="bbox 1356 4295 2102 4378; baseline 0 -18"><span class='ocrx_word' id='word_1_452' title='bbox 1356 4299 1467 4360; x_wconf 89' lang='lat' dir='ltr'><strong>Laicus</strong></span> <span class='ocrx_word' id='word_1_453' title='bbox 1488 4295 1646 4366; x_wconf 82' lang='lat' dir='ltr'><strong>Donkrrs,</strong></span> <span class='ocrx_word' id='word_1_454' title='bbox 1663 4296 1696 4356; x_wconf 94' lang='lat' dir='ltr'><strong>in</strong></span> <span class='ocrx_word' id='word_1_455' title='bbox 1715 4297 1805 4358; x_wconf 89' lang='lat' dir='ltr'><strong>cuius</strong></span> <span class='ocrx_word' id='word_1_456' title='bbox 1821 4297 1951 4360; x_wconf 90' lang='lat' dir='ltr'><strong>aedibus</strong></span> <span class='ocrx_word' id='word_1_457' title='bbox 1967 4299 2019 4361; x_wconf 92' lang='lat' dir='ltr'><strong>illa</strong></span> <span class='ocrx_word' id='word_1_458' title='bbox 2035 4316 2102 4378; x_wconf 90' lang='lat' dir='ltr'><strong>per·</strong></span> 
     </span>
     <span class='ocr_line' id='line_1_91' title="bbox 1356 4389 2105 4470; baseline 0.004 -18"><span class='ocrx_word' id='word_1_459' title='bbox 1356 4399 1422 4454; x_wconf 92' lang='lat' dir='ltr'><strong>acta</strong></span> <span class='ocrx_word' id='word_1_460' title='bbox 1445 4397 1522 4462; x_wconf 90' lang='lat' dir='ltr'><strong>erat,</strong></span> <span class='ocrx_word' id='word_1_461' title='bbox 1547 4389 1637 4451; x_wconf 92' lang='lat' dir='ltr'><strong>nullo</strong></span> <span class='ocrx_word' id='word_1_462' title='bbox 1659 4391 1745 4452; x_wconf 91' lang='lat' dir='ltr'><strong>edito</strong></span> <span class='ocrx_word' id='word_1_463' title='bbox 1770 4390 1916 4454; x_wconf 89' lang='lat' dir='ltr'><strong>salutaris</strong></span> <span class='ocrx_word' id='word_1_464' title='bbox 1939 4395 2105 4470; x_wconf 88' lang='lat' dir='ltr'><strong>poeniten·</strong></span> 
     </span>
     <span class='ocr_line' id='line_1_92' title="bbox 1357 4483 2106 4562; baseline 0.003 -15"><span class='ocrx_word' id='word_1_465' title='bbox 1357 4487 1418 4547; x_wconf 88' lang='lat' dir='ltr'><strong>tiae</strong></span> <span class='ocrx_word' id='word_1_466' title='bbox 1439 4484 1543 4562; x_wconf 86' lang='lat' dir='ltr'><strong>signo,</strong></span> <span class='ocrx_word' id='word_1_467' title='bbox 1567 4483 1599 4544; x_wconf 95' lang='lat' dir='ltr'><strong>in</strong></span> <span class='ocrx_word' id='word_1_468' title='bbox 1621 4499 1676 4543; x_wconf 89' lang='lat' dir='ltr'><strong>sua</strong></span> <span class='ocrx_word' id='word_1_469' title='bbox 1699 4498 1776 4544; x_wconf 87' lang='lat' dir='ltr'><strong>vere</strong></span> <span class='ocrx_word' id='word_1_470' title='bbox 1798 4484 1967 4547; x_wconf 89' lang='lat' dir='ltr'><strong>damnabili</strong></span> <span class='ocrx_word' id='word_1_471' title='bbox 1997 4487 2106 4549; x_wconf 92' lang='lat' dir='ltr'><strong>inobe-</strong></span> 
     </span>
     <span class='ocr_line' id='line_1_93' title="bbox 1357 4575 2106 4656; baseline 0.001 -16"><span class='ocrx_word' id='word_1_472' title='bbox 1357 4579 1475 4642; x_wconf 89' lang='lat' dir='ltr'><strong>dientia</strong></span> <span class='ocrx_word' id='word_1_473' title='bbox 1504 4583 1642 4638; x_wconf 88' lang='lat' dir='ltr'><strong>mortem</strong></span> <span class='ocrx_word' id='word_1_474' title='bbox 1673 4575 1836 4638; x_wconf 88' lang='lat' dir='ltr'><strong>obiissent.</strong></span> <span class='ocrx_word' id='word_1_475' title='bbox 1871 4577 1931 4640; x_wconf 90' lang='lat' dir='ltr'><strong>Sed</strong></span> <span class='ocrx_word' id='word_1_476' title='bbox 1965 4579 2106 4656; x_wconf 91' lang='lat' dir='ltr'><strong>poenalis</strong></span> 
     </span>
     <span class='ocr_line' id='line_1_94' title="bbox 1357 4670 2106 4746; baseline 0.001 -13"><span class='ocrx_word' id='word_1_477' title='bbox 1357 4673 1487 4734; x_wconf 92' lang='lat' dir='ltr'><strong>illorum</strong></span> <span class='ocrx_word' id='word_1_478' title='bbox 1511 4670 1642 4732; x_wconf 89' lang='lat' dir='ltr'><strong>caecitas</strong></span> <span class='ocrx_word' id='word_1_479' title='bbox 1663 4677 1848 4746; x_wconf 88' lang='lat' dir='ltr'><strong>conceptam</strong></span> <span class='ocrx_word' id='word_1_480' title='bbox 1871 4687 1886 4731; x_wconf 95' lang='lat' dir='ltr'><strong>a</strong></span> <span class='ocrx_word' id='word_1_481' title='bbox 1909 4671 2000 4733; x_wconf 91' lang='lat' dir='ltr'><strong>nobis</strong></span> <span class='ocrx_word' id='word_1_482' title='bbox 2027 4673 2106 4734; x_wconf 87' lang='lat' dir='ltr'><strong>fidu-</strong></span> 
     </span>
     <span class='ocr_line' id='line_1_95' title="bbox 1357 4762 2106 4836; baseline 0 -8"><span class='ocrx_word' id='word_1_483' title='bbox 1357 4767 1437 4829; x_wconf 88' lang='lat' dir='ltr'><strong>ciam</strong></span> <span class='ocrx_word' id='word_1_484' title='bbox 1459 4764 1565 4836; x_wconf 88' lang='lat' dir='ltr'><strong>elusit,</strong></span> <span class='ocrx_word' id='word_1_485' title='bbox 1583 4773 1625 4834; x_wconf 89' lang='grc'><strong>01,</strong></span> <span class='ocrx_word' id='word_1_486' title='bbox 1643 4762 1778 4824; x_wconf 86' lang='lat' dir='ltr'><strong>Domino</strong></span> <span class='ocrx_word' id='word_1_487' title='bbox 1801 4764 1893 4824; x_wconf 88' lang='lat' dir='ltr'><strong>etiarn</strong></span> <span class='ocrx_word' id='word_1_488' title='bbox 1912 4766 2059 4827; x_wconf 90' lang='lat' dir='ltr'><strong>visitante</strong></span> <span class='ocrx_word' id='word_1_489' title='bbox 2075 4767 2106 4828; x_wconf 95' lang='lat' dir='ltr'><strong>in</strong></span> 
     </span>
     <span class='ocr_line' id='line_1_96' title="bbox 1358 4857 2107 4938; baseline 0.003 -20"><span class='ocrx_word' id='word_1_490' title='bbox 1358 4862 1448 4938; x_wconf 89' lang='lat' dir='ltr'><strong>virga</strong></span> <span class='ocrx_word' id='word_1_491' title='bbox 1471 4857 1654 4935; x_wconf 90' lang='lat' dir='ltr'><strong>iniquitates</strong></span> <span class='ocrx_word' id='word_1_492' title='bbox 1677 4871 1802 4928; x_wconf 89' lang='lat' dir='ltr'><strong>eorum,</strong></span> <span class='ocrx_word' id='word_1_493' title='bbox 1819 4869 2038 4936; x_wconf 91' lang='lat' dir='ltr'><strong>apposuerunt</strong></span> <span class='ocrx_word' id='word_1_494' title='bbox 2057 4861 2107 4921; x_wconf 90' lang='lat' dir='ltr'><strong>ad-</strong></span> 
     </span>
     <span class='ocr_line' id='line_1_97' title="bbox 1360 4949 2107 5030; baseline 0 -16"><span class='ocrx_word' id='word_1_495' title='bbox 1360 4955 1421 5016; x_wconf 90' lang='lat' dir='ltr'><strong>buc</strong></span> <span class='ocrx_word' id='word_1_496' title='bbox 1443 4967 1573 5030; x_wconf 89' lang='lat' dir='ltr'><strong>peccare</strong></span> <span class='ocrx_word' id='word_1_497' title='bbox 1595 4949 1635 5011; x_wconf 90' lang='lat' dir='ltr'><strong>ei.</strong></span> <span class='ocrx_word' id='word_1_498' title='bbox 1661 4949 1787 5012; x_wconf 85' lang='lat' dir='ltr'><strong>Etenim</strong></span> <span class='ocrx_word' id='word_1_499' title='bbox 1817 4951 1914 5030; x_wconf 87' lang='lat' dir='ltr'><strong>(quod</strong></span> <span class='ocrx_word' id='word_1_500' title='bbox 1946 4968 2009 5014; x_wconf 94' lang='lat' dir='ltr'><strong>non</strong></span> <span class='ocrx_word' id='word_1_501' title='bbox 2039 4954 2107 5014; x_wconf 92' lang='lat' dir='ltr'><strong>sine</strong></span> 
     </span>
     <span class='ocr_line' id='line_1_98' title="bbox 1358 5043 2108 5122; baseline 0 -14"><span class='ocrx_word' id='word_1_502' title='bbox 1358 5048 1473 5108; x_wconf 90' lang='lat' dir='ltr'><strong>intimo</strong></span> <span class='ocrx_word' id='word_1_503' title='bbox 1495 5044 1618 5122; x_wconf 88' lang='lat' dir='ltr'><strong>paterni</strong></span> <span class='ocrx_word' id='word_1_504' title='bbox 1641 5043 1744 5104; x_wconf 90' lang='lat' dir='ltr'><strong>cordis</strong></span> <span class='ocrx_word' id='word_1_505' title='bbox 1767 5043 1878 5105; x_wconf 93' lang='lat' dir='ltr'><strong>dolore</strong></span> <span class='ocrx_word' id='word_1_506' title='bbox 1901 5061 2004 5122; x_wconf 89' lang='lat' dir='ltr'><strong>nuper</strong></span> <span class='ocrx_word' id='word_1_507' title='bbox 2024 5063 2108 5108; x_wconf 86' lang='lat' dir='ltr'><strong>acce-</strong></span> 
     </span>
     <span class='ocr_line' id='line_1_99' title="bbox 1358 5136 2108 5219; baseline -0.001 -18"><span class='ocrx_word' id='word_1_508' title='bbox 1358 5137 1478 5219; x_wconf 88' lang='lat' dir='ltr'><strong>pimus)</strong></span> <span class='ocrx_word' id='word_1_509' title='bbox 1499 5138 1594 5198; x_wconf 89' lang='lat' dir='ltr'><strong>iidem</strong></span> <span class='ocrx_word' id='word_1_510' title='bbox 1618 5136 1850 5198; x_wconf 91' lang='lat' dir='ltr'><strong>incredulitatis</strong></span> <span class='ocrx_word' id='word_1_511' title='bbox 1866 5138 1922 5198; x_wconf 89' lang='lat' dir='ltr'><strong>lilii</strong></span> <span class='ocrx_word' id='word_1_512' title='bbox 1938 5155 1954 5198; x_wconf 91' lang='grc'><strong>0</strong></span> <span class='ocrx_word' id='word_1_513' title='bbox 1971 5146 2016 5200; x_wconf 88' lang='grc'><strong>101</strong></span> <span class='ocrx_word' id='word_1_514' title='bbox 2031 5154 2108 5200; x_wconf 91' lang='lat' dir='ltr'><strong>vere</strong></span> 
     </span>
     <span class='ocr_line' id='line_1_100' title="bbox 1360 5229 2109 5306; baseline -0.001 -11"><span class='ocrx_word' id='word_1_515' title='bbox 1360 5231 1547 5295; x_wconf 80' lang='lat' dir='ltr'><strong>orthodoxis</strong></span> <span class='ocrx_word' id='word_1_516' title='bbox 1570 5231 1727 5306; x_wconf 91' lang='lat' dir='ltr'><strong>nobisque</strong></span> <span class='ocrx_word' id='word_1_517' title='bbox 1749 5237 1781 5290; x_wconf 94' lang='lat' dir='ltr'><strong>et</strong></span> <span class='ocrx_word' id='word_1_518' title='bbox 1804 5229 1935 5292; x_wconf 88' lang='lat' dir='ltr'><strong>Sanctae</strong></span> <span class='ocrx_word' id='word_1_519' title='bbox 1950 5231 2109 5294; x_wconf 87' lang='lat' dir='ltr'><strong>Romanae</strong></span> 
     </span>
     <span class='ocr_line' id='line_1_101' title="bbox 1360 5323 2107 5401; baseline -0.004 -12"><span class='ocrx_word' id='word_1_520' title='bbox 1360 5325 1520 5389; x_wconf 80' lang='lat' dir='ltr'><strong>Ecclesiae</strong></span> <span class='ocrx_word' id='word_1_521' title='bbox 1542 5324 1574 5384; x_wconf 91' lang='lat' dir='ltr'><strong>in</strong></span> <span class='ocrx_word' id='word_1_522' title='bbox 1596 5324 1718 5385; x_wconf 88' lang='lat' dir='ltr'><strong>unitate</strong></span> <span class='ocrx_word' id='word_1_523' title='bbox 1741 5323 1813 5385; x_wconf 88' lang='grc'><strong>11001</strong></span> <span class='ocrx_word' id='word_1_524' title='bbox 1837 5341 1893 5401; x_wconf 92' lang='lat' dir='ltr'><strong>per</strong></span> <span class='ocrx_word' id='word_1_525' title='bbox 1910 5324 2107 5386; x_wconf 82' lang='lat' dir='ltr'><strong>foederatum</strong></span> 
     </span>
     <span class='ocr_line' id='line_1_102' title="bbox 1360 5416 2109 5495; baseline -0.003 -15"><span class='ocrx_word' id='word_1_526' title='bbox 1360 5419 1505 5494; x_wconf 87' lang='lat' dir='ltr'><strong>Belgium</strong></span> <span class='ocrx_word' id='word_1_527' title='bbox 1531 5416 1782 5493; x_wconf 91' lang='lat' dir='ltr'><strong>obsequentibus</strong></span> <span class='ocrx_word' id='word_1_528' title='bbox 1805 5417 1994 5486; x_wconf 82' lang='lat' dir='ltr'><strong>diffidentes,</strong></span> <span class='ocrx_word' id='word_1_529' title='bbox 2027 5418 2109 5495; x_wconf 85' lang='lat' dir='ltr'><strong>Lug-</strong></span> 
     </span>
     <span class='ocr_line' id='line_1_103' title="bbox 1360 5511 2110 5581; baseline -0.003 -7"><span class='ocrx_word' id='word_1_530' title='bbox 1360 5512 1437 5574; x_wconf 90' lang='lat' dir='ltr'><strong>duni</strong></span> <span class='ocrx_word' id='word_1_531' title='bbox 1461 5512 1650 5572; x_wconf 78' lang='lat' dir='ltr'><strong>batavorum</strong></span> <span class='ocrx_word' id='word_1_532' title='bbox 1673 5511 1791 5572; x_wconf 89' lang='lat' dir='ltr'><strong>iterum</strong></span> <span class='ocrx_word' id='word_1_533' title='bbox 1816 5519 2049 5581; x_wconf 89' lang='lat' dir='ltr'><strong>convenerunt,</strong></span> <span class='ocrx_word' id='word_1_534' title='bbox 2067 5519 2110 5572; x_wconf 92' lang='lat' dir='ltr'><strong>at-</strong></span> 
     </span>
     <span class='ocr_line' id='line_1_104' title="bbox 1360 5604 2108 5683; baseline -0.003 -15"><span class='ocrx_word' id='word_1_535' title='bbox 1360 5621 1434 5683; x_wconf 89' lang='lat' dir='ltr'><strong>que,</strong></span> <span class='ocrx_word' id='word_1_536' title='bbox 1458 5605 1543 5668; x_wconf 92' lang='lat' dir='ltr'><strong>inani</strong></span> <span class='ocrx_word' id='word_1_537' title='bbox 1572 5605 1798 5666; x_wconf 89' lang='lat' dir='ltr'><strong>canonicorum</strong></span> <span class='ocrx_word' id='word_1_538' title='bbox 1826 5604 2108 5667; x_wconf 89' lang='lat' dir='ltr'><strong>Ultraiectinorum</strong></span> 
     </span>
     <span class='ocr_line' id='line_1_105' title="bbox 1360 5698 2111 5777; baseline -0.001 -15"><span class='ocrx_word' id='word_1_539' title='bbox 1360 5700 1454 5762; x_wconf 88' lang='lat' dir='ltr'><strong>titulo</strong></span> <span class='ocrx_word' id='word_1_540' title='bbox 1466 5707 1590 5761; x_wconf 86' lang='lat' dir='ltr'><strong>temere</strong></span> <span class='ocrx_word' id='word_1_541' title='bbox 1603 5705 1776 5776; x_wconf 91' lang='lat' dir='ltr'><strong>assumpto,</strong></span> <span class='ocrx_word' id='word_1_542' title='bbox 1791 5698 1842 5758; x_wconf 90' lang='lat' dir='ltr'><strong>die</strong></span> <span class='ocrx_word' id='word_1_543' title='bbox 1854 5699 2111 5777; x_wconf 86' lang='lat' dir='ltr'><strong>decimaseptima</strong></span> 
     </span>
     <span class='ocr_line' id='line_1_106' title="bbox 1361 5791 2110 5870; baseline -0.001 -15"><span class='ocrx_word' id='word_1_544' title='bbox 1361 5794 1505 5855; x_wconf 87' lang='lat' dir='ltr'><strong>eiusdem</strong></span> <span class='ocrx_word' id='word_1_545' title='bbox 1528 5793 1647 5854; x_wconf 89' lang='lat' dir='ltr'><strong>mensis</strong></span> <span class='ocrx_word' id='word_1_546' title='bbox 1669 5791 1788 5870; x_wconf 92' lang='lat' dir='ltr'><strong>aprilis,</strong></span> <span class='ocrx_word' id='word_1_547' title='bbox 1812 5793 1964 5854; x_wconf 88' lang='lat' dir='ltr'><strong>clericum</strong></span> <span class='ocrx_word' id='word_1_548' title='bbox 1980 5809 2110 5854; x_wconf 88' lang='lat' dir='ltr'><strong>suarum</strong></span> 
     </span>
     <span class='ocr_line' id='line_1_107' title="bbox 1362 5886 2111 5965; baseline 0 -17"><span class='ocrx_word' id='word_1_549' title='bbox 1362 5887 1499 5965; x_wconf 89' lang='lat' dir='ltr'><strong>partium</strong></span> <span class='ocrx_word' id='word_1_550' title='bbox 1531 5901 1671 5962; x_wconf 90' lang='lat' dir='ltr'><strong>suaeque</strong></span> <span class='ocrx_word' id='word_1_551' title='bbox 1704 5886 1895 5963; x_wconf 90' lang='lat' dir='ltr'><strong>pertinaciae</strong></span> <span class='ocrx_word' id='word_1_552' title='bbox 1928 5894 2111 5948; x_wconf 90' lang='lat' dir='ltr'><strong>consortem</strong></span> 
     </span>
     <span class='ocr_line' id='line_1_108' title="bbox 1362 5979 2113 6060; baseline 0.001 -19"><span class='ocrx_word' id='word_1_553' title='bbox 1362 5980 1548 6042; x_wconf 85' lang='lat' dir='ltr'><strong>Cornelium</strong></span> <span class='ocrx_word' id='word_1_554' title='bbox 1570 5980 1744 6040; x_wconf 87' lang='lat' dir='ltr'><strong>Barckrnan</strong></span> <span class='ocrx_word' id='word_1_555' title='bbox 1762 5979 2043 6060; x_wconf 87' lang='lat' dir='ltr'><strong>llrcbiepiscopum</strong></span> <span class='ocrx_word' id='word_1_556' title='bbox 2061 5981 2113 6043; x_wconf 86' lang='lat' dir='ltr'><strong>lll-</strong></span> 
     </span>
    </p>
   </div>
   <div class='ocr_carea' id='block_1_14' title="bbox 2132 587 2309 646">
    <p class='ocr_par' dir='ltr' id='par_1_15' title="bbox 2132 587 2309 646">
     <span class='ocr_line' id='line_1_109' title="bbox 2132 587 2309 646; baseline -0.017 0"><span class='ocrx_word' id='word_1_557' title='bbox 2132 591 2184 646; x_wconf 86' lang='lat' dir='ltr'><strong>An.</strong></span> <span class='ocrx_word' id='word_1_558' title='bbox 2198 589 2226 645; x_wconf 87' lang='lat' dir='ltr'><strong>C.</strong></span> <span class='ocrx_word' id='word_1_559' title='bbox 2242 587 2309 645; x_wconf 79' lang='lat' dir='ltr'><strong>tras</strong></span> 
     </span>
    </p>
   </div>
   <div class='ocr_carea' id='block_1_15' title="bbox 0 0 2401 6994">
    <p class='ocr_par' dir='ltr' id='par_1_16' title="bbox 0 0 2401 6994">
     <span class='ocr_line' id='line_1_110' title="bbox 0 0 2401 6994; baseline 0 0"><span class='ocrx_word' id='word_1_560' title='bbox 0 0 2401 6994; x_wconf 95' lang='lat' dir='ltr'><strong> </strong></span> 
     </span>
    </p>
   </div>
  </div>
 </body>
</html>
