4836 7002
897 587 1040 634 CLEMENS
1062 589 1112 632 ab.
1137 588 1207 634 xiil.

279 729 430 790 expresse
445 711 658 791 praecipimus
674 721 707 772 et
721 708 921 778 mandamus,
939 723 1026 784 prae·

281 808 389 869 missas
412 805 527 868 Leonis
550 811 582 866 et
603 803 778 866 Clementis
800 803 934 871 litteras,
959 801 1027 877 qui-

282 902 339 963 bus
362 899 617 979 archiepiscopis
639 905 671 960 et
699 898 861 976 Episcopis
890 897 1027 958 indicto

279 1011 382 1072 regno
403 994 453 1056 ius
475 993 662 1056 confercndi
686 992 838 1054 beneficia
860 991 892 1054 in
909 991 1027 1069 primo-

280 1087 369 1148 dictis
391 1103 448 1148 sex
470 1086 602 1148 alternis
624 1087 789 1146 mensibus
811 1085 969 1150 vacantia,
993 1091 1029 1145 ut

280 1181 478 1260 praefertur,
503 1179 670 1250 tribuitur,
695 1188 851 1258 perpetuo
874 1185 906 1240 et
926 1178 1027 1239 invio-

280 1275 418 1337 labiliter
440 1274 611 1336 servandas
634 1289 719 1335 esse:
745 1279 939 1350 quapropter
969 1271 1027 1349 ipsi

280 1369 427 1432 moderni
444 1374 477 1428 et
491 1367 591 1429 futuri
607 1383 666 1444 pro
682 1377 830 1444 tempore
852 1367 1029 1427 existentes

281 1461 519 1539 archiepiscopi
535 1469 567 1524 et
581 1460 728 1539 Episcopi
745 1462 777 1522 iu
793 1461 905 1523 eodem
927 1475 1028 1536 regno

280 1555 429 1618 facultate
462 1555 567 1616 omnia
600 1563 632 1616 et
663 1555 789 1632 singola
822 1553 974 1616 beneficia
996 1553 1028 1616 in

281 1650 365 1712 dicto
397 1665 500 1726 regno
530 1649 561 1710 in
592 1648 758 1720 februarii,
783 1648 906 1725 aprilis,
931 1647 1027 1718 iunii,

280 1743 418 1821 augusti,
443 1742 583 1804 octobris
605 1749 637 1804 et
659 1742 839 1804 decembris
865 1741 1030 1803 mensibus

280 1837 430 1915 praelatis
455 1852 510 1915 pro
534 1843 680 1912 tempore
712 1837 870 1904 vacantia,
905 1836 1029 1898 etiamsi

281 1931 484 1992 canonicatus
506 1936 539 1990 et
554 1928 764 2005 praebendae,
782 1929 952 2006 dignitates
968 1945 1031 1990 ma·

281 2025 366 2086 iores
389 2037 519 2100 quoque
547 2031 617 2100 post
639 2022 833 2099 pontificales
863 2030 895 2084 et
917 2023 1032 2100 princi-

283 2118 380 2194 pales,
397 2133 431 2178 ac
447 2131 485 2177 ex
503 2116 613 2192 quavis
629 2131 720 2176 causa
736 2123 772 2177 ut
786 2116 968 2193 praefertur
984 2133 1031 2178 re·

280 2219 406 2272 servata
435 2209 568 2278 fuerint,
593 2216 689 2286 prout
719 2209 751 2269 in
774 2209 887 2271 iisdem
918 2209 1032 2271 fitteris

281 2305 521 2383 exprimuntur,
539 2302 684 2380 personis
707 2302 924 2364 ecclesiasticis
948 2302 1033 2365 babi-

282 2398 367 2459 libus
389 2405 420 2460 et
440 2397 574 2466 idoneis,
598 2393 680 2456 infra
704 2383 829 2474 tempus
851 2413 866 2456 a
888 2397 959 2457 iure
974 2403 1033 2458 sta-

283 2497 389 2552 tutum
418 2489 623 2559 conferendi,
648 2488 722 2567 ipsis
753 2505 809 2567 por
838 2489 978 2552 Leonem
1003 2496 1035 2551 et

282 2585 486 2649 Clementem
510 2585 773 2662 praedecessores
790 2583 945 2660 praefatos
961 2601 1034 2646 con-

264 2697 381 2750 cessa,
405 2679 569 2758 perpetuis
591 2678 709 2740 futuris
732 2678 931 2756 temporibus
961 2695 1034 2754 gau·

100 4386 195 4430 clausula
209 4385 269 4431 sub

89 4438 125 4483 lata
139 4445 163 4502 et
172 4440 269 4504 ¹decre·

89 4499 125 4535 tum
138 4499 247 4538 irritans.

283 2777 363 2836 dere
378 2775 528 2836 debeant:
547 2773 691 2834 eamdem
709 2787 839 2850 quoquc
851 2772 1033 2834 facultatem

284 2867 355 2928 aliis
377 2867 585 2928 inferioribus
607 2866 824 2936 collatoribus
843 2874 876 2928 et
890 2865 1035 2927 ecclesia-

282 2961 371 3022 sticis
393 2961 545 3039 patronis,
566 2961 602 3022 ad
626 2975 706 3036 quos
728 2959 854 3022 collatio
877 2967 909 3020 et
931 2959 1035 3036 provi-

283 3055 333 3115 sio
361 3069 419 3116 seu
448 3053 624 3116 nominatio
656 3053 708 3114 vel
732 3051 943 3130 praesentatio
965 3067 1036 3130 per·

284 3163 438 3208 sonarum
457 3147 647 3210 idonearum
670 3148 706 3208 ad
729 3147 861 3223 quaevis
891 3146 1036 3208 ecclesia-

284 3243 364 3304 stica
393 3241 547 3304 beneficia
569 3240 642 3302 alias
672 3246 792 3316 spectat
822 3245 854 3300 et
883 3239 1034 3316 pertinet,

284 3335 493 3397 concedimus
530 3340 562 3395 et
598 3333 789 3394 tribuimus:
826 3347 843 3392 e
879 3347 1036 3392 converso

283 3445 366 3491 vero
389 3429 495 3491 omnia
518 3435 550 3490 et
570 3427 695 3504 singula
721 3425 874 3488 beneficia
900 3423 1037 3503 praefata

284 3523 319 3584 in
343 3522 486 3593 ianuarii,
511 3522 627 3592 martii,
644 3521 729 3591 maii,
747 3517 827 3592 iulii,
845 3517 1038 3596 septembris

285 3625 320 3678 et
342 3616 528 3678 novembris
551 3615 717 3676 mensibus
740 3631 796 3692 pro
819 3621 965 3690 tempore
987 3629 1037 3672 va·

285 3711 388 3774 cantia
410 3711 442 3771 in
465 3711 548 3772 dicto
580 3723 681 3785 regno
703 3715 830 3770 nostrae
855 3714 887 3768 et
915 3723 1038 3770 succes-

285 3821 398 3868 sorum
416 3813 601 3867 nostrorum
616 3803 833 3865 Romanorum
848 3803 1037 3864 Pontificum

286 3917 322 3961 ac
353 3897 664 3975 sedisapostolicae
690 3895 850 3958 collationi
882 3895 1039 3957 omnimo·

286 3993 413 4069 alaeque
449 3989 667 4068 dispositioni,
702 3989 888 4051 earumdem
928 3997 1040 4050 tenore

289 4084 520 4162 praesentium,
534 4083 629 4144 etiam
646 4084 810 4160 perpetuis
827 4082 944 4144 futuris
962 4088 1040 4154 tem-

288 4179 432 4256 poribus,
448 4177 644 4254 generaliter
661 4184 822 4238 reservata
839 4192 910 4237 esse
925 4182 957 4238 et
971 4173 1042 4236 fore

289 4271 500 4334 declaramus.

332 4368 351 4442 ἓ
385 4366 414 4426 5.
439 4365 626 4426 Praesentes
660 4370 767 4424 autem
801 4363 922 4424 litteras
953 4371 985 4424 et
1010 4363 1042 4424 in

290 4460 339 4522 eis
360 4465 509 4520 contenta
525 4473 564 4519 ex
581 4455 748 4534 quibusvis
772 4456 874 4516 causis
890 4455 941 4517 vel
955 4472 1043 4533 prae-

290 4554 444 4624 textibus,
472 4552 512 4613 de
534 4551 748 4629 subreptionis
770 4551 822 4611 vel
845 4549 1044 4627 obreptionis

289 4655 346 4709 aut
377 4646 533 4708 nullitatis
555 4645 650 4714 vitio,
684 4661 741 4706 seu
769 4644 957 4706 intentionis
990 4659 1045 4706 no-

288 4748 375 4802 strae
406 4740 458 4801 vel
481 4739 595 4815 quovis
624 4739 685 4800 alio
708 4738 834 4800 defectu
858 4739 973 4810 notari,
988 4738 1045 4800 im·

290 4834 428 4912 pugnari
450 4833 504 4895 vel
525 4831 769 4910 quomodolibet
789 4833 964 4903 retractari,
978 4847 1046 4894 sus-

290 4929 407 5006 pendi,
431 4927 602 5004 restringi,
626 4926 755 4988 limitari
784 4924 836 4988 vel
859 4927 904 4987 eis
931 4926 963 4986 in
992 4925 1046 4988 ali-

291 5037 358 5098 quo
380 5021 529 5098 derogari
558 5019 741 5082 nullatenus
770 5033 910 5095 unquam
936 5035 1045 5097 posse,

292 5131 410 5193 easque
440 5116 573 5177 omnino
601 5115 660 5177 sub
683 5113 850 5190 quibusvis
880 5115 1047 5176 contrariis

291 5209 592 5284 constitutionibus
617 5207 892 5280 revocationibus,
915 5224 1048 5286 suspen-

292 5301 451 5374 sionibus,
476 5302 750 5378 derogationibus,
765 5301 903 5364 decretis
926 5301 978 5362 vel
995 5302 1046 5362 de-

292 5395 521 5458 clarationibus
556 5395 761 5472 generalibus
795 5403 827 5456 et
858 5394 1047 5472 specialibus

294 5507 355 5568 pro
379 5485 523 5568 tempore
545 5489 708 5560 faciendis,
737 5489 870 5550 minime
904 5505 1048 5566 conlpre-

294 5584 406 5655 hendi,
432 5584 486 5646 sed
510 5584 547 5646 ab
570 5584 633 5645 illis
662 5598 791 5661 semper
820 5590 977 5660 exceptas
1004 5590 1046 5654 et,

295 5679 423 5755 quoties
446 5677 519 5740 illae
541 5677 746 5748 emanabunt,
771 5676 865 5738 toties
887 5677 920 5738 in
943 5677 1048 5755 pristi-

295 5787 387 5833 mum
410 5778 528 5832 statum
551 5774 711 5834 restitutas
741 5787 775 5832 ac
804 5771 843 5832 de
869 5786 953 5832 novo
975 5787 1048 5832 con-

295 5882 413 5938 cessas,
442 5881 635 5944 semperque
665 5872 698 5926 et
725 5875 881 5943 perpetuo
910 5866 1046 5937 validas,

296 5960 406 6021 firmas
428 5967 459 6021 et
480 5960 622 6022 efficaces
644 5975 713 6021 esse
742 5965 774 6020 et
802 5958 882 6030 fore,
908 5974 1049 6036 suosque

1082 707 1242 784 plenarios
1265 715 1296 770 et
1324 710 1469 786 integros
1499 711 1631 774 effectus
1658 709 1766 772 sortiri
1799 717 1831 772 et

1082 803 1239 874 obtinere,
1257 821 1291 866 ac
1312 805 1349 866 ab
1373 805 1533 876 omnibus,
1550 805 1689 888 adlquos
1711 811 1831 882 spectat

1083 903 1114 958 et
1145 897 1299 975 spectabit
1330 899 1574 975 quomodolibet
1605 899 1638 960 in
1666 899 1829 968 futorum,

1082 999 1238 1068 perpetuo
1254 999 1286 1052 et
1301 991 1529 1054 inviolabiliter
1550 993 1725 1063 observari,
1743 1008 1831 1069 prae·

1081 1084 1219 1161 latisque
1242 1086 1405 1148 modernis
1428 1085 1680 1164 archiepiscopis
1706 1093 1739 1148 et
1760 1085 1831 1164 lipi-

1083 1178 1197 1256 scopis,
1217 1195 1276 1240 nec
1297 1195 1361 1241 non
1384 1179 1591 1242 inferioribus
1613 1180 1829 1250 collatoribus,

1082 1271 1227 1350 capitulis
1250 1279 1282 1334 et
1303 1273 1472 1342 canonicis,
1496 1273 1652 1350 collegiis,
1674 1273 1832 1335 universi-

1085 1365 1199 1428 tatibus
1221 1365 1367 1442 aliisque,
1391 1382 1529 1443 quorum
1547 1367 1688 1428 favorem
1701 1368 1831 1429 eaedem

1085 1467 1269 1536 praesentes
1281 1459 1523 1537 quomodolibet
1538 1469 1747 1531 concernunt,
1762 1477 1833 1539 per·

1086 1553 1189 1630 petuis
1205 1553 1322 1614 futuris
1346 1555 1544 1631 temporibus
1564 1555 1748 1632 plenissime
1769 1554 1833 1616 sul-

1085 1647 1216 1724 fragari:
1236 1663 1426 1710 econverso
1449 1663 1527 1710 vero
1549 1650 1678 1710 eosdem
1703 1647 1833 1710 brebie-

1085 1742 1229 1818 piscopos
1257 1757 1292 1802 ac
1320 1740 1490 1803 inferiores
1513 1743 1692 1812 collatores,
1716 1743 1834 1820 capitu·

1086 1833 1113 1896 la
1145 1842 1176 1896 et
1212 1835 1398 1904 canonicos,
1422 1835 1574 1912 collegia,
1608 1835 1833 1898 universitates

1085 1929 1228 2006 aliosque
1248 1927 1414 2006 praelatos,
1432 1929 1551 2006 absque
1564 1929 1769 2007 ampliatione
1782 1930 1832 1992 vel

1086 2021 1299 2084 declaratione
1325 2021 1445 2098 aliqua,
1469 2023 1505 2083 ad
1536 2023 1722 2084 earumdem
1747 2037 1835 2100 prae·

1085 2117 1225 2178 sentium
1249 2115 1484 2176 observantiam
1508 2117 1611 2178 teneri
1627 2123 1660 2177 et
1681 2116 1835 2193 obligatos

1087 2210 1245 2284 existere;
1269 2209 1379 2286 sicque
1401 2210 1433 2270 in
1463 2210 1645 2288 praemissis
1674 2211 1712 2272 ab
1735 2211 1836 2272 omni-

1088 2303 1146 2365 bus
1169 2303 1292 2364 censeri
1318 2303 1412 2364 etita
1435 2319 1491 2379 per·
1514 2319 1735 2381 quoscumque
1756 2303 1836 2365 iudi-

1087 2413 1138 2460 ces
1160 2397 1336 2458 ordinarios
1368 2397 1420 2458 vel
1453 2397 1627 2474 delegatos,
1652 2397 1764 2473 quavis
1784 2413 1837 2458 au·

1087 2491 1233 2553 ctoritate
1264 2497 1296 2552 et
1326 2497 1482 2568 potestate
1515 2489 1708 2567 fungentes,
1741 2491 1836 2552 etiarn

1088 2600 1254 2646 causarum
1284 2583 1388 2661 palatii
1417 2583 1580 2660 apostolici
1609 2584 1770 2645 auditores
1804 2600 1839 2645 ac

1089 2677 1120 2740 S.
1138 2678 1173 2740 R.
1191 2678 1227 2740 Ε.
1251 2677 1446 2748 cardinales
1471 2676 1563 2738 etiam
1598 2677 1637 2738 de
1660 2676 1759 2739 latere
1782 2677 1838 2738 Le-

1089 2781 1178 2850 gatos
1206 2771 1371 2847 dictaeque
1403 2768 1493 2831 Scdis
1536 2769 1692 2840 Nuocios,
1716 2770 1838 2832 sublata

1089 2866 1135 2926 eis
1157 2873 1189 2927 et
1211 2879 1323 2926 eorum
1347 2863 1478 2929 cuilibet
1500 2863 1611 2939 quavis
1639 2863 1730 2924 aliter
1760 2863 1838 2924 iudi-

1089 2960 1178 3022 candi
1202 2967 1234 3022 et
1255 2957 1485 3035 interpretandi
1513 2957 1660 3018 facultate
1682 2964 1714 3019 et
1734 2967 1839 3019 aucto-

1090 3053 1198 3124 ritate,
1215 3051 1346 3113 indicari
1370 3058 1401 3112 et
1424 3050 1549 3112 definiri
1573 3050 1703 3120 debere,
1720 3067 1755 3112 ac
1770 3051 1840 3110 irri-

1091 3151 1159 3206 tum
1183 3151 1216 3206 et
1237 3145 1347 3214 inane,
1372 3143 1399 3204 si
1428 3159 1520 3204 secus
1542 3160 1640 3221 super
1663 3144 1711 3205 bis
1740 3161 1774 3206 ac
1796 3149 1840 3204 et-

1091 3240 1152 3301 iam
1174 3237 1328 3300 adversus
1351 3237 1587 3300 reservationes
1610 3239 1700 3300 nobis
1723 3246 1755 3300 et
1772 3255 1841 3300 suc·

1090 3331 1272 3395 cessoribus
1297 3332 1424 3403 nostris,
1446 3338 1481 3392 ut
1507 3331 1699 3409 praefertur,
1713 3348 1841 3408 compe-

1093 3435 1196 3489 tentes
1230 3425 1431 3495 buiusmodi,
1465 3443 1480 3486 a
1516 3441 1696 3502 quoquam,
1731 3426 1841 3502 quavis

1092 3519 1290 3590 auctoritate,
1314 3519 1517 3582 scientervel
1540 3519 1739 3596 ignoranter,
1764 3534 1841 3596 quo·

1092 3615 1254 3693 quomodo
1270 3613 1442 3690 contigerit
1456 3616 1615 3686 attentari,
1634 3613 1747 3674 barum
1764 3629 1841 3690 quo·

1093 3725 1156 3787 que
1178 3709 1262 3770 serie
1284 3709 1500 3770 decernimos.

1133 3800 1202 3878 56.
1233 3801 1304 3862 Non
1337 3801 1536 3863 obstantibus
1569 3809 1677 3864 nostra
1712 3809 1744 3864 et
1765 3801 1843 3865 Gan·
1862 3819 2078 3920 tssssffgraffloen'

1094 3895 1240 3958 cellariae
1269 3893 1468 3972 apostolicae
1496 3911 1594 3974 super
1622 3897 1842 3959 reservatione

1094 3989 1256 4052 mensium
1278 3989 1526 4066 apostolicorum
1548 4006 1605 4067 per
1627 4006 1685 4052 nos
1708 3991 1791 4054 edita
1813 3999 1845 4053 et

1097 4099 1152 4160 per
1173 4098 1375 4144 successores
1397 4090 1525 4145 nostros
1550 4083 1705 4161 praefatos
1728 4084 1759 4146 in
1780 4101 1845 4147 cra-

1095 4177 1216 4238 stinum
1241 4192 1354 4238 eorum
1387 4177 1586 4252 respectivae
1617 4179 1845 4256 assumptionis

1096 4285 1153 4348 pro
1188 4279 1333 4346 tempore
1366 4269 1488 4331 edenda
1521 4270 1618 4332 simili
1640 4271 1763 4348 regula,
1787 4287 1846 4333 nec

1097 4379 1161 4425 non
1188 4363 1379 4441 quorumvis
1408 4363 1690 4440 praedecessorum
1722 4371 1846 4426 nostro-

1097 4474 1182 4530 rum,
1206 4475 1240 4519 ac
1262 4459 1357 4518 etiam
1379 4458 1412 4518 in
1434 4457 1650 4536 synodalibus,
1672 4459 1847 4536 provincia·

1097 4552 1181 4614 libus
1204 4559 1236 4613 et
1258 4553 1492 4614 universalibus
1514 4551 1656 4614 conciliis
1679 4554 1772 4615 editis
1793 4541 1847 4630 ge·

1099 4646 1263 4708 noralibus
1301 4647 1352 4707 vel
1387 4646 1578 4725 specialibus
1614 4647 1847 4710 constitutioni·

1099 4739 1158 4801 bus
1187 4745 1219 4800 et
1247 4739 1512 4811 ordinationibus,
1536 4756 1595 4801 nec
1617 4757 1682 4802 non
1704 4741 1847 4802 ecclcsia-

1100 4847 1172 4894 rum
1205 4833 1237 4894 in
1267 4834 1350 4895 dicto
1379 4849 1499 4910 regno,
1525 4833 1619 4895 etiam
1649 4835 1846 4905 iuramento,

1099 4927 1343 4989 confirmatione
1378 4927 1548 5005 apostolica
1576 4929 1628 4990 vel
1660 4929 1770 5005 quavis
1796 4929 1848 4989 fir-

1102 5021 1210 5083 mitate
1225 5021 1284 5082 alia
1299 5021 1467 5092 roboratis,
1486 5021 1666 5100 respective
1677 5023 1802 5084 statutis
1818 5029 1850 5084 et

1100 5115 1397 5187 consuetudinibus,
1422 5115 1599 5193 privilegiis
1627 5130 1766 5192 quoque,
1803 5116 1849 5176 in-

1101 5209 1199 5270 dultis
1221 5215 1253 5271 et
1274 5209 1376 5271 literis
1392 5210 1572 5288 apostolicis
1595 5209 1686 5272 dictis
1708 5209 1851 5271 ecclesiis

1101 5317 1278 5380 earumque
1301 5303 1502 5381 praesulibus
1534 5321 1568 5365 ac
1590 5303 1734 5381 capitulis
1758 5309 1790 5364 et
1804 5319 1852 5364 ca-

1102 5396 1235 5467 nonicis,
1259 5397 1415 5474 collegiis,
1439 5397 1702 5460 universitatibus
1725 5415 1758 5459 ac
1781 5413 1852 5475 per-

1100 5489 1186 5552 sonis
1218 5491 1494 5568 quibuscumque,
1519 5491 1550 5552 in
1580 5507 1701 5568 genere
1729 5491 1780 5554 vel
1817 5491 1850 5552 in

1101 5583 1217 5660 specie,
1233 5600 1289 5663 per
1305 5601 1527 5662 quoscumque
1543 5585 1701 5648 Romanos
1723 5585 1851 5647 Pontifi-

1102 5694 1152 5738 ces
1175 5679 1436 5755 praedecessores
1460 5687 1585 5742 nostros
1608 5687 1639 5740 et
1661 5679 1773 5740 dictam
1799 5677 1853 5740 Se·

1102 5771 1175 5833 dem
1205 5770 1257 5832 vel
1289 5771 1366 5832 alios
1395 5785 1617 5847 quoscumque
1646 5777 1678 5832 et
1704 5784 1855 5846 quacum-

1102 5881 1165 5942 que
1188 5865 1342 5942 dignitate
1375 5863 1426 5925 vel
1458 5865 1646 5926 auctoritate
1669 5864 1852 5941 fungentes,

1102 5959 1161 6020 sub
1192 5958 1449 6036 quibuscumque
1480 5957 1645 6036 tenoribus
1675 5963 1707 6019 et
1742 5956 1854 6018 formis

1753 571 1808 634 llll
1865 569 1917 628 no
1931 569 1959 627 b.
1974 568 2042 626 17115
