4836 7002
1789 559 1847 624 Μ
1905 557 2101 616 1661815·

310 697 428 776 insigni
450 699 605 777 martyrio
627 698 840 770 confirmavit,
863 697 906 759 ita
927 701 963 759 ut
983 711 1061 760 vere
1117 712 1211 774 quam
1241 702 1306 758 tres
1335 696 1382 759 1111
1409 696 1628 759 adolescentes
1651 695 1813 774 Babylone
1835 695 1868 757 in

311 792 372 855 dici
393 792 493 871 possit
508 793 577 855 eius
592 791 796 869 potissimum
811 807 907 870 opera
923 791 1061 852 maiores
1118 789 1339 867 lornaceignis
1350 791 1491 853 ardentis
1503 789 1692 862 incolumes,
1703 790 1869 868 integrum

312 893 438 949 nostros
466 885 565 948 luisse
586 893 714 948 vocatos
736 903 752 947 a
773 884 900 949 Christo
921 884 958 948 de
980 891 1062 948 teoe-
1118 881 1261 962 Apostoli
1277 884 1420 946 eiusdem
1433 884 1618 963 sepulcrum
1631 891 1794 947 servatum
1808 889 1867 946 661.

311 977 376 1042 bris
403 979 438 1041 ie
467 977 658 1043 admirabile
683 979 790 1042 lumea
814 981 933 1042 suomi
959 978 1062 1058 Spirat
1158 977 1277 1054 Surget
1305 977 1404 1054 igitur
1426 978 1541 1042 eodem
1564 979 1686 1040 insola
1709 994 1772 1040 uon
1795 978 1869 1040 inde

311 1088 390 1136 vero
405 1073 508 1137 adhuc
520 1074 666 1152 vivitque
678 1073 710 1134 in
723 1074 955 1152 epistolissuis,
968 1089 1059 1151 quae,
1119 1072 1241 1150 procul,
1264 1072 1321 1135 ubi
1342 1073 1440 1134 vitam
1463 1073 1551 1134 dedit
1571 1088 1629 1150 pro
1644 1071 1784 1144 Christo,
1800 1087 1870 1132 sur-

311 1174 347 1229 61
368 1168 473 1231 desint
494 1174 611 1240 cetera,
628 1167 681 1228 vel
696 1167 782 1230 solae
797 1167 925 1230 valeant
938 1168 973 1229 ad
991 1183 1062 1245 per·
1119 1172 1173 1242 get
1200 1165 1319 1228 iterum
1348 1166 1433 1227 Petri
1459 1167 1653 1228 meritorum
1688 1171 1720 1227 et
1749 1165 1870 1242 gloriae

311 1261 510 1324 suadendum
528 1259 960 1338 homiuibuslivaugelium3
983 1261 1062 1322 adeo
1118 1260 1259 1322 consorti
1288 1260 1384 1322 Paulo
1414 1260 1591 1338 templum,
1623 1261 1682 1322 etsi
1711 1259 1869 1322 columnis

986 577 1044 626 tlte
1065 579 1116 625 PP.
1140 579 1198 626 111.

311 1354 401 1416 eiectis
423 1359 452 1415 et
467 1353 589 1434 efficaci,
605 1359 635 1416 et
647 1352 877 1432 penetrabilior
891 1355 978 1416 omui
995 1353 1062 1434 yio-

253 1509 266 1534 ,
311 1447 362 1510 dio
384 1448 531 1527 occipiti,
555 1453 584 1508 et
603 1447 787 1527 pertinpeos
808 1463 906 1524 usque
927 1446 967 1511 ed
983 1446 1063 1508 diei·

310 1540 429 1602 sionem
452 1540 580 1603 cointae
591 1548 620 1601 et
634 1539 767 1619 spiritus
783 1533 817 1601 ie
831 1540 864 1601 iu
880 1539 942 1601 11116
958 1539 1062 1617 prodit

311 1649 420 1695 serxno
442 1633 509 1694 Dei.
533 1633 668 1695 Tantum
685 1633 784 1709 igitur
799 1649 872 1695 cum
888 1632 934 1695 illi
951 1633 1062 1696 debea-

314 1745 402 1800 mus,
427 1736 462 1790 ut
489 1728 570 1790 nihil
591 1743 685 1806 snpra
708 1728 824 1804 possit,
849 1727 1062 1805 quisquamne

312 1822 389 1884 adeo
411 1821 558 1900 ingratus
579 1821 771 1898 reperiatur,
789 1820 866 1897 quin
882 1836 976 1883 suum
994 1836 1062 1882 esse

312 1917 405 1978 ducat
433 1917 469 1978 ad
496 1915 565 1977 eius
595 1916 751 1977 honorem
782 1914 937 1990 quidquid
961 1921 1063 1992 potest

312 2009 482 2071 conlerrel

351 2100 543 2180 Apostolum
564 2115 644 2162 vero
667 2101 852 2164 huiusmodi
867 2107 955 2164 tauto
970 2101 1060 2164 Chri-

312 2197 352 2258 sti
380 2211 490 2258 amore
518 2195 724 2272 flagrantem,
749 2200 795 2257 tot
825 2195 982 2272 tantisque
1004 2212 1062 2273 pro

312 2307 350 2354 eo
378 2297 530 2366 tantoque
555 2297 628 2352 cum
656 2287 762 2351 lructu
792 2288 998 2366 perluuctum
1021 2289 1062 2352 la·

313 2385 454 2454 boribus,
470 2391 626 2461 quantum
649 2383 824 2462 patrocinio
848 2383 957 2445 valere
981 2383 1062 2460 apud

312 2479 413 2540 neum
430 2476 696 2548 existimabimus,
714 2483 768 2538 aut
782 2483 901 2553 quanto
917 2476 1061 2537 omnium

314 2573 437 2634 honore
459 2589 493 2634 ao
514 2569 723 2632 veneratione
745 2569 879 2646 dignum
903 2571 993 2630 esset
1009 2569 1062 2632 Se·

313 2665 413 2728 detis
435 2665 602 2744 proximus
624 2677 752 2724 summo
775 2662 822 2724 illi
843 2662 994 2742 Principi,
1011 2664 1063 2727 cul

313 2761 401 2823 datae
430 2765 506 2820 sunt
535 2756 640 2820 claves
672 2757 765 2833 regui
795 2757 976 2829 caelorum,
1012 2759 1064 2820 de·

313 2859 458 2930 precator
487 2866 572 2912 nuuc
600 2865 658 2928 pro
683 2849 821 2912 Ecclesia
843 2851 924 2927 apud
949 2850 1061 2925 Deum,

312 2947 508 3009 iudicaturus
537 2959 609 3006 cum
639 2943 767 3006 Christo
796 2944 828 3004 in
858 2945 922 3006 hue
952 2946 1063 3007 muudi

312 3039 475 3102 duodecim
491 3035 593 3100 tribua
606 3037 723 3110 lsrael,·
746 3045 778 3099 et
792 3040 1063 3116 quemadmodum

313 3133 434 3213 gemini
455 3133 542 3194 illius
564 3131 724 3194 Ecclesiae
745 3131 877 3194 luminis
898 3133 1063 3207 intereos,

312 3229 367 3307 qui
387 3227 551 3308 primitias
572 3223 713 3306 Spiritus
734 3225 926 3298 babuerunt,
943 3228 1064 3304 primae

313 3329 388 3384 sunt
414 3320 507 3382 sedes
535 3321 568 3382 in
600 3319 708 3390 coelo,
742 3319 783 3380 iia
813 3319 908 3397 primi
936 3337 1065 3400 semper

313 3416 443 3492 utrique
465 3413 578 3478 tributi
592 3419 669 3474 suut
690 3412 828 3474 honores
849 3413 882 3474 in
906 3415 1065 3487 tersisse

313 3510 436 3572 ratione
451 3525 546 3571 suum
562 3507 678 3584 cuique
694 3507 827 3584 praemii
843 3508 977 3584 gradum
995 3510 1065 3572 red·

313 3605 409 3666 dente
421 3603 498 3674 Deo,
508 3609 555 3675 ut,
566 3616 706 3679 quorum
722 3600 821 3663 luerit
834 3602 977 3664 studium
994 3619 1065 3682 pro-

313 3697 473 3777 pagandae
495 3696 622 3758 divinae
645 3694 766 3771 gloriae
788 3697 1007 3774 praecipuum,
1032 3701 1064 3760 in

313 3793 351 3855 ils
380 3793 551 3872 praecipuo
581 3790 659 3854 item
688 3787 784 3852 modo
817 3789 962 3852 divinum
985 3791 1063 3856 illud

313 3889 485 3968 impleatur
506 3885 672 3948 oraculum
695 3885 882 3964 quicumque
909 3887 1065 3968 glorifice-

314 3983 395 4046 oerit
408 3997 468 4052 me,
479 3977 662 4062 glorificabo
678 3995 760 4042 eum.
778 3979 856 4043 ilinc
871 3981 988 4042 lactum
1004 3991 1062 4053 est,

315 4085 360 4148 ut,
377 4075 676 4154 praedecessoribus
692 4073 810 4136 nostris
828 4073 988 4138 Bonilario
1004 4075 1065 4138 No-

315 4188 370 4244 no,
395 4170 531 4232 ldartlno
551 4167 683 4242 Quinto,
707 4167 854 4244 Eugenio
875 4167 993 4243 Quarto
1014 4171 1064 4232 ad-

315 4265 527 4336 hortantibus,
551 4263 588 4326 ad
604 4263 772 4340 utriusque
788 4263 930 4326 basilicas
945 4272 1064 4327 restau-

314 4359 427 4420 randas
449 4357 534 4418 cives
557 4355 725 4432 exterique
747 4355 927 4432 largissime
955 4365 1064 4419 contu·

314 4452 426 4514 lerini:
445 4450 520 4512 hinc
532 4449 690 4527 templum
700 4447 887 4511 Vaticanum
901 4451 987 4512 orbis
1001 4459 1064 4514 ter-

315 4561 367 4608 rae
388 4543 621 4622 amplissimum
643 4559 677 4604 ao
697 4543 1062 4619 magnificentissimum,

314 4639 350 4700 ad
367 4653 442 4716 opes
457 4636 528 4699 lulli
547 4635 685 4699 Secundi
707 4643 740 4700 et
753 4653 976 4699 successorum
996 4638 1065 4700 eius

314 4733 452 4796 donariis
474 4731 561 4793 ultro
583 4731 696 4793 oblatis
718 4732 957 4804 accedentibus,
982 4733 1065 4795 aedi-

314 4828 441 4890 ficatum
465 4833 528 4888 est:
560 4833 656 4902 atque
678 4826 753 4887 hino
774 4825 840 4904 pari
862 4827 957 4888 modo
980 4827 1065 4889 lutu-

313 4937 385 4983 rum
410 4919 612 4990 confidimus,
635 4926 672 4982 ut
693 4919 760 4996 pios
781 4936 816 4982 se
838 4921 1010 4998 praebeant
1032 4939 1066 4985 66

315 5015 462 5078 liberales
486 5013 683 5090 quicumque
705 5013 825 5090 ubique
846 5021 923 5076 sunt
937 5014 1065 5079 Christo

314 5116 344 5170 61
377 5106 509 5170 Sanctae
530 5107 606 5169 huic
628 5105 701 5168 Sedi
724 5107 854 5179 fideleS,
879 5109 956 5170 dum
978 5109 1065 5172 Pauli

314 5201 445 5284 nomine
467 5201 653 5278 quaerimus
676 5201 822 5263 tenuitati
844 5210 971 5264 nostrae
992 5205 1065 5265 suh-

314 5296 444 5358 sidium.
467 5295 556 5369 Quod
579 5312 617 5356 eo
639 5294 693 5356 vel
715 5295 815 5372 magis
837 5311 922 5359 nuuc
936 5312 1066 5374 sperau-

314 5390 390 5452 dum
413 5389 506 5451 nobis
528 5396 577 5451 661
598 5405 613 5449 6
636 5388 722 5450 lldeli
745 5389 875 5469 populo,
898 5405 982 5462 cum,
1001 5391 1065 5453 Deo

313 5485 383 5562 ipso
405 5483 503 5554 duce,
529 5483 608 5544 hanc
629 5484 818 5544 asserendae
841 5483 962 5561 gloriae
984 5484 1065 5562 Apo-

1118 1354 1181 1416 illis
1193 1370 1304 1416 careus
1321 1354 1605 1431 monumentisque
1618 1355 1758 1432 pretium
1773 1370 1870 1417 omne

1119 1447 1364 1520 excedentibus,
1395 1463 1491 1524 quam
1513 1463 1571 1526 pro
1599 1448 1688 1524 copia
1710 1448 1782 1510 heri
1803 1455 1870 1527 pot-

1119 1541 1191 1612 erit,
1216 1541 1440 1616 magnificum
1472 1547 1504 1601 61
1528 1541 1632 1603 bonor
1653 1539 1802 1618 sepulcro
1824 1541 1871 1603 illi

1119 1635 1245 1697 debitus
1268 1635 1448 1706 habebitur,
1471 1635 1567 1696 cuius·
1584 1635 1617 1698 in
1640 1635 1752 1714 primis
1773 1650 1871 1698 vene·

1119 1729 1208 1792 randi
1236 1745 1327 1790 causa
1357 1735 1466 1806 optare
1494 1745 1528 1789 se
1557 1729 1636 1790 dixit
1658 1745 1794 1806 maguus
1816 1729 1871 1792 1116

1118 1820 1368 1900 chrysostomus
1383 1821 1512 1884 Romam
1526 1821 1649 1896 videre;
1662 1822 1698 1884 ad
1712 1823 1809 1899 quod,
1820 1839 1872 1885 eo·

1119 1915 1191 1978 dem
1208 1923 1301 1987 teste,
1319 1915 1528 1994 imperotores
1547 1913 1772 1987 occurrebant,
1793 1917 1870 1979 Goo-

1117 2010 1211 2078 sules,
1225 2009 1425 2072 exercitatem
1438 2009 1553 2083 Decea·
1567 2011 1707 2087 denique
1722 2012 1759 2073 ad
1772 2011 1869 2089 quod,

1119 2113 1280 2180 umquam
1302 2103 1338 2164 ad
1362 2118 1540 2180 perennem
1557 2104 1729 2180 quemdam
1747 2103 1869 2165 iontem

1118 2197 1266 2261 coelestis
1289 2197 1530 2269 beneticentiae,
1549 2199 1653 2259 omnis
1676 2198 1806 2276 generis
1828 2205 1871 2260 at-

1119 2309 1182 2371 que
1204 2291 1323 2354 ordinis
1340 2291 1486 2352 homines
1501 2290 1688 2368 longinquis
1704 2293 1800 2354 otiam
1816 2308 1869 2354 su-

1118 2386 1233 2464 sceptis
1256 2384 1570 2463 peregrinationibus
1588 2387 1763 2448 convenire
1779 2402 1871 2448 uum-

1119 2495 1214 2556 quam
1237 2477 1441 2540 destiterunt.

1158 2573 1297 2643 Utinam,
1321 2571 1523 2634 venerabiles
1539 2571 1663 2644 iratres,
1680 2572 1870 2652 Chrysosto-

1120 2667 1163 2728 mi
1185 2665 1329 2728 eiusdem
1352 2665 1400 2726 vis
1415 2663 1506 2728 nobis
1521 2673 1720 2744 suppeteret,
1738 2673 1770 2728 et
1784 2667 1872 2746 copia

1120 2761 1256 2831 dicendi,
1270 2767 1315 2832 ut,
1330 2775 1394 2837 quo
1410 2759 1465 2821 1116
1482 2759 1577 2822 modo
1593 2760 1632 2822 de
1645 2760 1732 2822 Pauli
1748 2762 1871 2824 meritis

1121 2855 1246 2916 locutus
1268 2861 1332 2924 est,
1357 2853 1472 2915 eodem
1495 2860 1527 2915 et
1548 2870 1606 2914 uos
1628 2854 1665 2915 ad
1688 2855 1871 2918 excitandos

1120 2946 1262 3010 lidelium
1280 2947 1403 3008 animos
1418 2945 1506 3023 loqui
1522 2962 1702 3025 possemus.
1720 2947 1796 3011 Eius
1813 2965 1869 3011 vos

1120 3041 1222 3105 induti
1244 3041 1359 3119 spiritu
1390 3057 1430 3102 ex
1453 3041 1595 3102 mirificis
1624 3042 1723 3120 ipsius
1751 3059 1872 3106 sermo·

1121 3135 1214 3197 bibus
1240 3135 1401 3214 aptissima
1427 3149 1573 3212 quaeque
1599 3135 1753 3198 haurietis
1778 3151 1872 3214 argu-

1121 3237 1239 3301 merita,
1263 3229 1380 3306 quibus
1401 3229 1564 3291 commissi
1586 3235 1712 3292 vestrae
1728 3245 1823 3292 curae
1838 3232 1873 3292 li-

1121 3323 1221 3396 deles,
1236 3323 1394 3400 religione
1405 3331 1501 3398 atque
1517 3339 1626 3386 amore
1638 3322 1782 3401 Apostoli
1796 3339 1872 3401 geu-

1122 3417 1213 3490 tium,
1232 3416 1291 3478 hoc
1308 3423 1356 3478 est
1371 3415 1485 3478 eorum
1501 3418 1657 3495 ipsorum,
1672 3417 1872 3481 inflammen-

1121 3519 1185 3583 tur,
1209 3525 1273 3588 quo
1295 3511 1365 3582 ilat,
1389 3516 1425 3572 ut
1453 3511 1564 3573 iuvare
1591 3517 1722 3573 conatus
1743 3518 1872 3576 nostros

1121 3606 1209 3668 omni
1222 3621 1281 3684 ope
1292 3604 1509 3666 connituntur.
1518 3603 1607 3678 Quod
1620 3604 1753 3666 Paulum
1766 3606 1872 3684 ipsum

1121 3697 1233 3762 iecisse
1255 3699 1374 3760 scimus
1397 3713 1455 3776 pro
1471 3697 1631 3770 fidelibus,
1650 3698 1681 3760 id
1697 3715 1737 3760 ne
1753 3714 1810 3761 vos
1827 3701 1872 3779 pi-

1122 3799 1193 3869 geat
1214 3807 1272 3870 pro
1302 3792 1397 3854 Paulo
1420 3792 1488 3870 ipso
1510 3791 1626 3854 lacere.
1655 3791 1713 3854 1116
1742 3793 1873 3870 collegit

1121 3886 1263 3963 undique
1279 3886 1500 3965 eleemosynas
1516 3901 1633 3962 easque
1652 3886 1788 3950 contulit
1802 3887 1874 3950 llio-

1121 3981 1314 4059 rosolymam
1330 3978 1488 4057 corporali
1503 3979 1645 4042 lldelium
1658 3981 1785 4060 inopiae
1799 3983 1872 4044 sub-

1121 4074 1289 4148 levandae;
1306 4087 1364 4134 vos
1380 4072 1602 4152 eleemosynas
1617 4073 1787 4151 colligetis,
1804 4077 1873 4154 qui-

1122 4168 1179 4229 bus
1200 4167 1359 4246 spirituali
1380 4168 1571 4229 eorumdem
1593 4167 1789 4244 indigentiae
1804 4169 1873 4230 eius

1120 4261 1217 4340 ipsius
1239 4262 1320 4340 apud
1341 4261 1442 4323 Deum
1459 4262 1634 4340 patrocinio
1649 4262 1870 4326 subveniatur.

1123 4355 1190 4418 1166
1213 4356 1325 4428 verbo,
1338 4371 1394 4416 vos
1409 4356 1633 4418 constituimus
1649 4363 1713 4418 tam
1728 4357 1873 4434 religiosi

1122 4450 1228 4528 operis
1255 4450 1469 4512 administros.
1500 4449 1658 4528 Quidquid
1688 4468 1704 4512 6
1726 4451 1775 4530 pia
1796 4451 1872 4514 fide·

1121 4543 1200 4606 lium
1223 4543 1368 4620 largitate
1391 4545 1651 4621 corrogaveritis‚
1674 4544 1710 4607 ad
1727 4561 1785 4606 nos
1801 4545 1873 4607 mit-

1122 4639 1255 4702 tendum
1277 4639 1438 4701 curabitis.
1461 4637 1504 4700 Ea
1526 4639 1640 4700 fiducia
1661 4647 1786 4701 vestrae
1808 4640 1872 4718 pie·

1122 4735 1193 4796 tatis
1215 4749 1249 4794 ac
1269 4732 1366 4795 studii
1390 4733 1427 4794 ad
1453 4748 1511 4794 vos
1535 4733 1717 4804 scribimus,
1741 4740 1777 4795 ut
1800 4751 1872 4812 spes

1121 4829 1216 4890 etiam
1240 4827 1332 4888 uobis
1354 4827 1395 4888 611
1415 4833 1603 4905 superatum
1619 4827 1657 4887 iri
1674 4843 1731 4905 per
1747 4841 1803 4888 vos
1820 4841 1872 4889 ex-

1122 4920 1333 4998 pectationem
1357 4921 1505 4983 desiderii
1529 4921 1642 4992 nostri,
1658 4919 1725 4982 imo
1741 4937 1804 4983 uon
1820 4921 1873 4983 de·

1123 5015 1248 5078 laturos
1270 5015 1326 5092 qui
1348 5013 1534 5092 exemplum
1567 5015 1737 5078 imitentur
1758 5015 1873 5077 viduae

1121 5108 1207 5170 illius
1224 5107 1437 5180 lelicissimae,
1451 5124 1532 5186 quae
1547 5109 1664 5170 eximia
1679 5108 1798 5170 Christi
1814 5108 1873 5169 Do-

1122 5204 1201 5264 mini
1230 5203 1323 5266 laude
1353 5203 1480 5279 dignata
1505 5210 1570 5275 est,
1595 5211 1765 5282 propterea
1787 5205 1872 5280 quod

1122 5313 1194 5359 cum
1228 5305 1313 5359 esset
1341 5313 1471 5375 pauper,
1495 5295 1532 5358 de
1557 5297 1698 5377 penuria
1720 5313 1781 5360 seo
1800 5297 1872 5376 pies

1122 5388 1267 5454 omnibus
1288 5391 1433 5452 micitia
1454 5389 1735 5471 gazophylacium,
1758 5389 1813 5470 qui
1833 5407 1873 5453 etc

1121 5501 1154 5546 66
1176 5485 1335 5546 miseeret
1355 5483 1436 5562 quod
1456 5483 1522 5547 illis
1544 5480 1751 5557 abundabun-
1778 5491 1872 5562 atque

314 5576 388 5639 stoli
416 5583 561 5638 mentem
591 5576 857 5654 voluntatemque
888 5579 1065 5657 suscepisse
1122 5579 1196 5641 inde
1225 5577 1309 5651 lore,
1334 5585 1370 5640 ut
1398 5593 1480 5640 nova
1502 5594 1542 5640 ex
1563 5579 1665 5640 ruinis
1688 5579 1815 5642 basilica
1837 5595 1872 5641 ea

313 5671 417 5733 videri
439 5671 511 5732 iure
533 5671 654 5749 optimo
683 5670 874 5748 debeamus3
906 5672 1063 5750 siquidem
1122 5671 1342 5749 magnitudine
1357 5670 1512 5748 cultuque
1528 5679 1686 5749 resurgat,
1701 5687 1797 5748 quem
1813 5673 1872 5735 Do-

315 5765 399 5827 iuter
420 5764 597 5828 immensos
618 5763 774 5842 collapsae
796 5766 941 5841 integrae
967 5765 1065 5829 conti·
1122 5765 1217 5827 ctoris
1248 5765 1394 5842 gentium
1420 5781 1540 5827 nomen
1562 5782 1596 5827 ac
1617 5765 1743 5828 cineres
1765 5773 1873 5845 postu·

315 5857 474 5936 gnationis
500 5857 646 5930 ardores,
671 5859 756 5920 inter
787 5858 867 5936 ipsas
892 5860 924 5920 iu
947 5859 1064 5922 calcem
1122 5859 1198 5920 lant.
1229 5857 1290 5920 1166
1315 5874 1371 5936 spo
1394 5858 1471 5920 dum
1500 5857 1704 5921 consolamur
1725 5859 1871 5922 dolorem

314 5951 455 6012 redactas
468 5949 571 6013 solido
586 5967 603 6012 e
619 5966 781 6014 marmore
796 5951 971 6027 columnas,
988 5959 1065 6016 tam-
1123 5959 1281 6025 nostrum,
1300 5951 1449 6014 salutaria
1471 5951 1577 6014 omnia
1591 5951 1681 6014 vobis
1702 5952 1871 6032 adprecan·
