4756 6994
296 583 347 639 hu.
362 582 389 638 G.
405 581 473 639 1758
530 581 588 644 116

844 717 924 780 xlll.

509 903 557 965 Ad
570 902 824 984 perturbationis
836 903 1020 966 animorum
1032 903 1156 966 aditant
1167 917 1257 980 prae-

549 997 751 1068 cludendam,
768 996 923 1078 approbat
944 997 1104 1058 decretam
1121 995 1151 1056 S.
1172 995 1204 1056 G.
1221 994 1258 1056 dc

549 1089 586 1152 P.
608 1091 644 1152 p,
666 1091 915 1172 praecipientem
938 1089 1062 1152 Scotiae
1083 1089 1165 1152 clerc
1186 1086 1257 1150 sab-

548 1185 754 1266 scriptionem
768 1190 883 1247 contra
902 1183 960 1246 Bai
975 1183 1174 1260 aliorumque
1185 1198 1257 1264 pro-

546 1279 718 1358 positiones
739 1283 798 1340 etc.
820 1277 877 1356 (1).

509 1463 741 1530 venerabilibus
769 1464 918 1530 tratribus
949 1462 1107 1546 [piscosis
1131 1463 1256 1546 llicnpo-

550 1557 642 1624 litano
664 1562 696 1623 et
718 1555 879 1634 Binnensi,
905 1555 1034 1624 vicariis
1057 1556 1257 1640 apostolicis,

550 1667 606 1718 nec
630 1668 689 1717 non
713 1650 863 1735 Episcopo
891 1651 1146 1734 hlisinopolitnnc,
1171 1649 1258 1715 Nino-

550 1745 669 1826 politaai
692 1745 876 1822 condicioni,
898 1751 930 1811 et
952 1745 1071 1812 dilectis
1093 1745 1167 1812 liliis
1189 1745 1257 1810 mis-

548 1839 693 1906 sionariis
717 1840 745 1904 in
769 1835 895 1906 Scotino
919 1856 1026 1923 capno,

702 2025 891 2094 CLEMENS
918 2029 980 2094 ΡΡ.
1005 2026 1064 2093 llll.
1094 1965 1097 1979 ἱ

602 2215 802 2282 Venerabiles
830 2216 956 2296 tratres,
978 2215 1080 2283 dilecti
1102 2216 1165 2295 tilii,

543 2311 673 2378 salutern
696 2315 728 2376 et
749 2311 948 2394 apostolicam
971 2311 1223 2378 benedictionem.

550 2502 746 2582 Supremam
767 2501 962 2580 apostolatus
984 2501 1084 2562 nostri
1106 2517 1224 2565 munus
1243 2521 1258 2564 a

509 2595 805 2659 misericordiarum
826 2596 918 2657 Patre
946 2595 979 2656 in
1001 2592 1181 2658 Catholicae
1202 2596 1258 2659 Ee-

509 2691 624 2753 elesiae
640 2688 865 2768 procuratione
877 2688 1055 2750 infirmitati
1068 2697 1196 2752 nostrae
1212 2691 1258 2752 in·

508 2785 667 2856 iunctum,
690 2784 761 2844 iure
783 2799 821 2844 aa
840 2782 956 2844 merito
973 2783 1083 2860 exigit,
1107 2791 1143 2845 ut
1164 2784 1196 2846 in
1212 2786 1258 2846 vi-

508 2877 653 2940 sceribus
674 2875 745 2938 lesu
767 2874 886 2938 Christi
908 2883 1036 2938 cunctas
1058 2876 1155 2939 totius
1171 2878 1257 2940 orbis

510 2972 696 3034 christianas
723 2971 868 3032 nationes
896 2969 1167 3048 complectamur,
1199 2989 1259 3034 nec

510 3066 547 3128 ab
569 3065 682 3127 iisdem
706 3080 818 3126 omnes
834 3063 1013 3142 pontificiae
1035 3066 1257 3143 providentiae

510 3165 543 3222 et
563 3157 788 3222 sollicitudinis
810 3165 939 3220 nostrae
954 3165 1067 3236 partes
1082 3161 1256 3222 desiderari

511 3255 678 3332 patiamur.
702 3251 791 3326 Quod
806 3269 881 3314 sane
897 3252 1035 3314 officium
1052 3261 1088 3316 ut
1102 3255 1171 3318 sine
1187 3273 1257 3334 per-

508 3363 661 3411 sonarum
689 3347 910 3426 acceptiones
932 3346 1030 3409 Nobis
1057 3358 1255 3426 praestetur,

510 3449 658 3504 nostrum
681 3457 750 3503 esse
779 3441 924 3502 ducimus
946 3440 979 3502 in
1002 3442 1114 3520 primis
1144 3459 1257 3522 oppor-

510 3543 588 3598 tune
610 3536 721 3598 adesse
736 3535 855 3596 eximio
875 3540 1038 3612 pastorum
1054 3537 1258 3614 aliorumque

509 3630 712 3708 evangelicae
740 3629 884 3690 veritatis
913 3629 1137 3692 ministrorum
1167 3631 1255 3705 zelo,

510 3725 576 3802 qui,
593 3725 627 3786 in
649 3737 729 3802 opus
750 3722 923 3784 ministerii
946 3723 1047 3784 nostri
1073 3733 1257 3803 cooperato-

509 3834 563 3880 res
577 3816 697 3890 adsciti,
710 3817 743 3878 in
756 3817 953 3894 procuranda
965 3816 1144 3879 animarum
1156 3821 1258 3884 salute

509 3910 656 3974 alacriter
687 3908 873 3972 adlaborare
894 3909 1036 3972 student.
1060 3909 1147 3972 inter
1175 3921 1258 3978 cete·

509 4021 563 4067 ros
584 4019 675 4076 nero,
693 4003 748 4080 qui
769 4003 807 4065 ad
829 4003 964 4083 populos
986 4003 1055 4066 sive
1076 4019 1186 4067 veram
1208 4023 1258 4070 re-

509 4099 665 4177 ligionem
685 4097 876 4175 profitentes
904 4099 937 4159 in
966 4097 1111 4161 eiusdem
1135 4099 1258 4163 confes-

508 4193 607 4256 sionis
621 4191 793 4254 stabilitate
807 4192 1055 4266 aonfirmandos,
1072 4193 1142 4255 sive
1164 4195 1197 4256 in
1214 4203 1258 4258 te-

510 4286 618 4350 nebris
647 4285 847 4348 ambulantes
876 4293 908 4348 et
937 4287 969 4348 in
998 4288 1112 4350 umbra
1143 4290 1257 4351 mortis

509 4381 658 4443 sedentes
680 4378 849 4457 Evangelii
869 4380 974 4442 lucem
997 4381 1035 4444 ah
1058 4383 1145 4444 omni
1168 4401 1258 4463 pror-

510 4491 563 4536 sus
584 4473 680 4536 etiam
696 4473 761 4536 levi
777 4473 897 4536 erroris
911 4473 1028 4536 nebula
1048 4491 1161 4554 puram
1183 4480 1257 4542 edo-

510 4569 639 4641 cendos,
663 4568 785 4645 ubique
807 4567 981 4646 advigilare
1000 4578 1152 4646 pergunt,
1169 4587 1257 4650 prae·

510 4663 599 4743 eipna
627 4661 818 4740 apostolieae
851 4661 987 4723 caritatis
1019 4663 1122 4724 studia
1155 4667 1257 4727 conci-

510 4756 603 4820 liasse
622 4755 714 4818 nobis
726 4755 884 4818 videmini
898 4770 966 4826 vos,
980 4757 1183 4819 venerabiles
1199 4757 1258 4822 ira-

511 4859 594 4924 tres,
618 4850 727 4913 dilecti
749 4850 824 4923 ulii,
854 4849 909 4927 qui
938 4850 970 4910 in
1003 4849 1127 4913 Scotiae
1155 4867 1257 4932 regno

510 4945 630 5008 animas
651 4950 774 5007 vestras
797 4959 855 5022 pro
876 4942 1030 5007 tratribus
1045 4947 1162 5008 vestris
1184 4949 1258 5010 assi-

510 5039 573 5102 dne
594 5054 716 5118 ponere
738 5053 803 5100 non
830 5036 990 5100 dubitatis.
1014 5039 1192 5120 Eupropter
1213 5058 1258 5104 sa-

510 5131 705 5196 cerdotalem
727 5138 891 5210 pastorum
914 5132 952 5194 ah
966 5141 1073 5211 aperta
1089 5134 1257 5199 hominum

510 5227 543 5288 vi
565 5232 598 5289 et
617 5227 655 5289 ab
670 5225 801 5288 occultis
817 5231 1032 5289 tartareorum
1049 5227 1189 5290 hostium
1212 5229 1258 5292 in-

510 5319 599 5382 sidiis
615 5321 832 5382 orthodoxum
848 5318 968 5382 Christi
985 5336 1119 5398 gregem
1136 5322 1258 5402 sapien·

511 5415 634 5476 tissime
656 5413 829 5476 tutantium
851 5413 1049 5490 vigilantiam
1065 5416 1170 5492 dignis
1193 5416 1258 5478 lau-

511 5508 604 5571 dibus
626 5507 852 5570 commendare
878 5507 953 5569 satis
982 5526 1046 5570 non
1075 5525 1256 5588 possumus,

511 5617 575 5663 non
596 5617 687 5664 secus
719 5608 814 5679 atque
846 5600 1069 5664 incredibilem
1100 5605 1259 5682 operario·

510 5711 584 5757 rnm
606 5696 701 5757 etiam
724 5696 757 5757 in
781 5711 907 5758 summa
937 5702 1120 5774 temporum
1142 5697 1259 5774 asperi-

510 5795 574 5850 tate
605 5789 827 5863 constantiam,
854 5788 972 5851 invicta
997 5788 1197 5862 tortitudine,
1221 5790 1259 5850 ab

1030 596 1096 642 lun.
1119 595 1211 641 ΡΟΝΤ.
1235 593 1275 639 DE
1297 594 1327 639 P.
1351 595 1380 640 F.
1405 595 1488 642 PARS
1509 595 1531 642 1.

1314 713 1490 777 excolendo
1502 731 1580 792 agro
1595 714 1651 778 illo
1663 715 1740 778 olim
1753 714 1963 786 fertilissimo,
1977 727 2062 774 nnnc

1314 812 1361 869 tot
1375 808 1527 886 vepribus
1541 808 1734 886 tribulisque
1750 808 1889 886 oppleto,
1903 822 2060 884 nusquam

1314 900 1535 979 defatigatam
1562 903 1628 966 imo
1660 903 1838 981 plurimum
1867 900 2061 963 labamine

1314 1003 1470 1072 utrosque
1501 983 1783 1068 commendantes,
1815 997 1854 1058 de
1886 1001 1973 1074 parta
2005 1009 2062 1073 per

1314 1089 1503 1166 apostolicos
1535 1091 1660 1152 labores
1690 1089 1855 1152 uberrima
1883 1089 2058 1160 fructuum,

1313 1183 1396 1246 idest
1418 1183 1611 1261 populorum
1635 1185 1672 1247 ad
1694 1183 1929 1244 amantissimae
1956 1182 2062 1243 catho-

1313 1277 1391 1340 licae
1413 1276 1572 1339 Ecclesiae
1585 1277 1690 1340 sinum
1708 1277 1741 1338 in
1757 1277 1824 1340 dies
1840 1277 2058 1348 redeuntium,

1314 1374 1412 1449 copia,
1430 1371 1649 1449 maximopere
1670 1387 1799 1450 semper
1814 1371 1921 1434 laetati
1936 1387 2059 1433 sumus.

1314 1465 1501 1543 Augebatur
1522 1465 1619 1526 animi
1642 1467 1743 1528 nostri
1766 1465 1884 1528 laetitia
1906 1472 1939 1528 et
1960 1467 2062 1528 incre-

1314 1558 1402 1620 dibili
1424 1560 1589 1638 voluptate
1612 1561 1713 1638 magis
1736 1561 1903 1638 magisque
1932 1560 2062 1638 periun-

1314 1653 1486 1726 debamnr,
1516 1653 1783 1731 quotiescumque
1812 1669 1895 1716 nova
1923 1660 1955 1716 et
1977 1663 2060 1733 opta

1315 1745 1436 1807 tissima
1450 1747 1489 1808 de
1506 1747 1602 1809 rebus
1624 1747 1810 1808 huiusmodi
1829 1748 1940 1809 nuntia
1955 1749 1992 1812 ad
2008 1763 2061 1810 ve-

1314 1838 1474 1902 nerabiles
1497 1839 1610 1902 iratres
1631 1847 1756 1902 nostros
1780 1840 1811 1903 S.
1835 1841 1871 1904 ll.
1895 1841 1931 1903 Ε.
1955 1841 2062 1903 Caroli-

1315 1932 1412 2004 nales,
1437 1933 1575 2010 negotiis
1597 1935 1818 2011 propagandae
1834 1935 1908 1997 fidei
1931 1951 2062 2013 praepo·

1314 2028 1403 2099 sitos,
1420 2043 1514 2106 saepe
1529 2027 1620 2088 allata
1634 2028 1671 2090 ad
1688 2043 1757 2100 nos,
1775 2028 2011 2102 referebantur,
2028 2047 2062 2092 ac

1314 2121 1517 2202 potissimum
1539 2137 1612 2184 cum
1642 2138 1680 2183 en
1708 2122 1825 2184 dilecto
1853 2122 1919 2184 lilio
1951 2131 2062 2186 nostro

1315 2215 1480 2277 [lominica
1507 2215 1651 2277 eiusdem
1683 2215 1714 2276 S.
1742 2215 1778 2277 lt.
1804 2216 1839 2278 E.
1868 2215 2062 2295 Presbytero

1314 2307 1473 2371 Cardinali
1489 2308 1604 2372 llivera
1620 2317 1814 2389 nuncupato,
1832 2311 1964 2372 istarum
1988 2311 2062 2372 mis-

1313 2403 1441 2464 sionum
1457 2402 1539 2480 apud
1555 2419 1613 2464 nos
1636 2409 1669 2465 et
1683 2403 1765 2465 hana
1783 2402 1928 2466 Sanctam
1945 2403 2061 2467 Sedem

1315 2503 1496 2575 protectore
1519 2498 1625 2558 omnia
1645 2497 1916 2575 intelligebamus.
1940 2498 2062 2562 Verum

1315 2591 1431 2654 deinde
1453 2597 1590 2664 tantum,
1614 2606 1678 2669 quo
1700 2591 1959 2670 perfruebamnr,
1984 2593 2063 2655 sola-

1315 2685 1396 2747 lium
1419 2684 1509 2746 nobis
1537 2685 1754 2762 interceptum
1787 2687 1965 2760 sensimus,
1989 2703 2061 2749 cnm

2099 576 2151 634 An.
2165 577 2193 634 C.
2208 577 2280 632 1758

1315 2781 1461 2842 dolentes
1473 2779 1665 2857 accepimus,
1679 2795 1744 2842 non
1761 2779 1868 2842 levem
1880 2782 2062 2843 animorum
2155 2859 2160 2866 ²

1314 2873 1593 2952 perturbationem
1615 2873 1686 2935 istic
1708 2880 1853 2936 exortam
1875 2891 1955 2948 esse,
1977 2876 2063 2939 unde

1315 2968 1494 3030 verendum
1518 2973 1604 3040 erat,
1635 2983 1676 3028 ne
1698 2966 1837 3029 iraterna
1858 2968 1943 3030 inter
1969 2983 2064 3032 evan·

1315 3063 1435 3141 gelicos
1451 3063 1614 3141 operarios
1630 3061 1783 3123 haetenus
1796 3061 1996 3124 laudabiliter
2011 3079 2064 3126 cn·

1314 3157 1429 3220 studita
1451 3155 1619 3218 concordia
1645 3162 1677 3216 et
1704 3161 1917 3218 consentanea
1938 3157 2065 3221 institn-

1314 3261 1410 3330 taqne
1425 3251 1541 3328 agendi
1563 3249 1789 3326 sentiendique
1804 3250 1895 3323 ratio,
1913 3265 1995 3328 quae
2011 3269 2063 3314 res

1315 3347 1406 3419 dnae,
1424 3347 1456 3407 in
1473 3343 1690 3424 provehendis
1709 3343 1914 3422 evangelicae
1928 3345 2010 3422 legis
2025 3346 2063 3408 ab

1315 3441 1403 3503 omni
1425 3453 1557 3518 prorsus
1580 3438 1788 3500 contentione
1816 3438 1953 3512 alienae,
1977 3445 2010 3500 et
2031 3439 2062 3502 in

1314 3534 1397 3612 pacis
1419 3531 1652 3610 tranquillitate
1673 3531 1810 3610 positae,
1834 3533 2010 3595 commodis
2032 3541 2064 3595 et

1315 3627 1487 3706 triumphis
1518 3626 1696 3704 plurimum
1725 3633 1877 3704 possunt,
1899 3643 1962 3689 una
1988 3627 2063 3689 insi-

1315 3721 1382 3783 mul
1404 3720 1648 3782 interdicerent.
1671 3718 1884 3792 Quamobrem
1913 3721 1946 3782 in
1975 3737 2063 3782 man-

1314 3815 1393 3877 datis
1415 3814 1574 3884 dedimus,
1592 3819 1628 3875 nt
1642 3813 1740 3875 iidem
1763 3813 1946 3877 Cardinales
1964 3831 2063 3894 nego-

1313 3909 1364 3972 tiis
1386 3907 1611 3987 Propagandae
1639 3907 1728 3969 Fidei
1754 3909 1926 3986 praepositi
1948 3925 2062 3988 oppor-

1313 4011 1389 4066 tuna
1402 4003 1504 4074 malis,
1520 4015 1601 4078 qnae
1612 4000 1785 4063 imminere
1797 4001 2058 4076 formidabamus,

1312 4096 1496 4160 avertendis
1524 4095 1775 4174 reparandisque
1803 4097 1945 4159 remedia
1973 4099 2060 4161 adhi-

1313 4191 1442 4254 berent:
1467 4190 1630 4252 hiantem
1653 4195 1821 4267 postquam
1848 4207 1899 4264 ea,
1923 4207 1984 4269 qna
2006 4208 2062 4270 par

1314 4293 1392 4359 erat,
1413 4285 1623 4348 consiliorum
1647 4283 1830 4346 maturitate
1851 4300 1921 4348 rem
1944 4301 2061 4364 erpen-

1313 4381 1446 4453 dissent,
1463 4380 1515 4442 die
1530 4395 1562 4440 x.
1580 4379 1760 4441 decembris
1780 4395 1979 4444 unccxxxvr.
1997 4383 2062 4445 edi·

1313 4475 1432 4538 derunt
1454 4474 1621 4536 decretum
1644 4473 1766 4536 tenoris
1788 4476 1843 4552 qui
1865 4476 2027 4554 sequitur:

1313 4679 1483 4726 DEGRETUM
1506 4679 1634 4723 SAGRAE
1657 4679 1931 4726 counaneaulouts
1949 4681 2062 4726 enunt-

1352 4774 1490 4819 catanis
1512 4773 1553 4818 DE
1575 4773 1794 4818 euonaohunn
1815 4775 1901 4831 utun,
1918 4775 2061 4819 nostran

1353 4869 1407 4913 uin
1429 4869 1459 4913 x.
1482 4865 1680 4912 sternuente
1702 4867 1901 4914 unccxxnvl.

1353 5039 1525 5101 Referente
1553 5040 1589 5102 ll.
1614 5039 1646 5101 P.
1671 5040 1706 5102 D.
1731 5039 1877 5119 Philippo
1908 5041 1947 5104 de
1976 5040 2062 5103 Mon-

1314 5133 1398 5196 tibus
1430 5134 1604 5196 secretario
1633 5141 1751 5196 statum
1783 5135 1970 5198 lliesionum
1993 5143 2061 5197 tum
2153 5155 2157 5160 ·

1313 5227 1346 5287 in
1368 5227 1542 5304 provinciis
1565 5227 1774 5306 planioribus,
1794 5237 1864 5292 tum
1885 5229 1918 5292 in
1940 5238 2062 5293 monta-

1313 5320 1361 5381 nis
1384 5319 1563 5396 insulisque
1584 5321 1799 5384 adiacentibus
1818 5323 1909 5400 regni
1927 5321 2060 5396 Scotiae,
2128 5391 2134 5402 ,

1315 5413 1563 5477 eminentissimi
1577 5414 1684 5478 Patres
1696 5432 1765 5478 rem
1778 5417 1816 5478 ab
1828 5417 1960 5479 exordio
1973 5433 2063 5496 repe·

1315 5515 1431 5582 tentes,
1452 5507 1571 5571 iterum
1594 5509 1769 5586 promerita
1791 5509 1883 5571 laude
1898 5513 2062 5588 commeti-

1315 5602 1432 5664 darnnt
1460 5603 1569 5665 zelum
1598 5603 1769 5680 utriusque
1791 5603 1906 5666 vicarii
1928 5605 2061 5682 Aposto-

1315 5695 1367 5757 lici
1394 5697 1606 5772 omniumque
1636 5697 1816 5774 respective
1847 5697 2062 5759 missionarin-

1316 5805 1401 5861 rnm,
1425 5791 1480 5867 qui
1498 5790 1535 5852 ad
1560 5789 1790 5852 ostendendam
1812 5796 1907 5867 atque
1928 5790 2062 5868 proban-

1021 5925 1551 5935 auu-——n———ffl-.—....-—-—

551 6002 581 6056 (l)
596 6001 659 6046 vide
674 6001 794 6048 notulam
809 6005 858 6048 vol.
875 6005 905 6047 ll.
921 6007 995 6048 Iaras
1009 6013 1068 6059 pag.
1083 6005 1130 6046 alt.
