4756 6994
890 591 1034 638 cutheus
1055 594 1106 638 ΡΡ.
1131 593 1189 639 xit.

263 709 332 781 niti,
357 725 414 772 nos
437 709 549 786 utique
571 709 691 771 allicies
714 710 750 770 ad
767 709 844 772 alios
866 709 1012 772 eiusdem

262 801 486 864 Franciscanae
508 801 658 863 Familiae
676 801 778 864 socios
794 803 1013 864 transmitten-

263 896 331 966 dos,
346 895 401 972 qui
423 895 627 973 depravatam
649 895 719 958 istic
742 895 868 957 Domini
884 895 1012 958 vineam

262 988 371 1051 labore
402 1004 461 1050 suo
490 988 609 1050 iterum
642 987 731 1050 cultu
760 989 920 1052 nitescere
946 997 1012 1050 stu·

260 1084 368 1145 deant.
402 1082 470 1144 lluc
491 1083 592 1158 igitur
614 1083 739 1161 appelle
768 1082 927 1160 religione
949 1083 1011 1143 iam

262 1183 461 1238 commotum
474 1176 616 1238 animum
630 1183 722 1238 tuum
735 1176 920 1254 docilesque
932 1175 1012 1238 Pon-

262 1269 337 1332 tifici
365 1269 502 1330 blaximo
531 1269 647 1347 praebe
669 1285 773 1342 aures,
798 1269 864 1346 qui,
895 1275 931 1330 ut
959 1269 1012 1330 Pa-

260 1365 357 1426 storis
386 1363 508 1424 aeterni
531 1362 617 1424 vices
650 1362 683 1423 in
716 1363 811 1424 terris
845 1363 946 1439 gerit,
970 1361 1012 1430 ita

261 1454 449 1534 exemplum
460 1455 656 1527 imitaturus,
672 1463 817 1518 errantes
833 1470 909 1516 oves
925 1456 961 1517 ad
977 1472 1012 1516 se

260 1551 418 1612 reducere
440 1548 655 1610 vehementer
670 1547 767 1626 cupit.
791 1547 924 1610 Nullum
940 1565 1012 1627 pro-

260 1643 357 1714 iecto,
370 1658 443 1704 cum
456 1641 585 1718 longam
598 1641 659 1702 iam
672 1650 807 1704 aetatem
820 1641 1010 1714 vixerimus,

259 1735 485 1798 iucundiorem
515 1735 607 1796 nobis
636 1733 782 1796 illuxisse
811 1735 897 1797 diem
919 1751 1014 1814 repu-

261 1828 358 1891 taturi
381 1844 504 1899 sumus,
530 1843 626 1904 quam
642 1828 697 1904 qui
718 1835 750 1890 te
766 1835 920 1906 tuamque
936 1845 1013 1905 geu-

260 1930 329 1984 tem
344 1923 382 1985 11
398 1937 512 1984 verum
528 1921 648 1983 Christi
664 1922 748 1984 ovile
768 1923 920 1984 reducem
937 1921 1013 1984 luis-

259 2031 296 2078 se
310 2015 518 2078 renuntiabit.
541 2014 639 2092 ldque
656 2023 693 2077 ut
705 2023 853 2093 prompte
868 2023 1013 2078 constan-

261 2109 451 2185 tissimeque
464 2109 619 2186 perficias,
634 2109 814 2170 celsitudini
829 2119 900 2172 tuae
913 2108 1012 2170 divini

262 2201 401 2281 Spiritus
423 2217 532 2264 auram
555 2201 711 2278 singulari
733 2218 842 2264 amore
864 2202 1013 2280 implora-

261 2312 347 2358 mus.

303 2387 418 2450 Datum
439 2387 575 2458 Romae,
606 2388 688 2465 apud
711 2388 742 2451 S.
768 2388 897 2450 11111111
920 2387 1013 2448 llaio·

260 2497 345 2554 rem,
368 2481 429 2542 sub
451 2482 569 2543 annulo
592 2482 769 2554 Piscatoris,
794 2483 845 2544 die
864 2498 951 2544 xxiv.
969 2481 1014 2544 ie·

262 2575 382 2636 bruarii
398 2590 623 2646 nbooxxxv11.,
642 2575 755 2653 pontii.
774 2577 874 2638 nostri
889 2593 939 2637 an.
955 2593 1011 2636 111.

520 2775 760 2783 ————-——

612 2950 663 3012 lx.

262 3139 478 3203 Potriorcltoe
496 3138 665 3218 Coptortrnt
680 3138 818 3200 11111111
832 3138 1013 3198 missionem

302 3233 347 3314 (r.
370 3231 478 3296 iacobi
500 3251 521 3296 o
546 3232 717 3293 Cremsirr'o
743 3229 817 3294 1111.
845 3231 925 3292 Mirr.
957 3227 1013 3294 Ob-

301 3345 382 3390 1111.
401 3326 431 3388 S.
446 3326 627 3395 Frartcisci,
646 3343 665 3388 o
681 3341 740 3404 quo
757 3325 891 3403 accipiet
905 3325 1012 3387 catho-

302 3420 382 3483 licoe
403 3419 476 3500 fidei
497 3419 654 3498 repetam,
671 3435 766 3496 quom
788 3419 853 3498 ipse
868 3418 1013 3499 profiteri

300 3519 330 3574 ct
350 3511 564 3594 subscriptam
586 3513 804 3574 transmittere
820 3512 913 3574 1111.
930 3511 1012 3573 Port-

302 3607 416 3687 1111111
431 3603 529 3676 dehet,
547 3606 587 3669 od
610 3605 690 3684 qood
710 3605 771 3666 cito
784 3604 1012 3686 perficiendum

299 3698 448 3780 pluribus
471 3699 623 3762 hortatur
645 3699 701 3779 (l).

423 3886 594 3953 Venerabili
616 3885 705 3954 tratri
734 3885 850 3962 ioanni,

326 3979 524 4052 Patriamhae
549 3979 747 4046 ttaxantrtoo
771 3981 946 4062 captorum,

455 4165 642 4233 crederis
669 4165 730 4232 ΡΡ.
755 4165 814 4232 tlh.

479 4356 667 4422 venerahilis
690 4356 799 4431 irater,

296 4453 425 4520 salutem
448 4457 480 4517 et
501 4449 701 4534 apostolicam
725 4449 978 4516 benedictionem.

303 4642 424 4704 Dilecto
447 4639 512 4702 tilio
533 4640 643 4702 lacobo
659 4657 674 4700 a
690 4639 866 4702 Gremsirio
887 4637 1014 4702 Ordinis

260 4737 400 4799 fratrum
428 4735 591 4796 llinorum
614 4732 645 4795 S.
669 4734 826 4796 Francisci
851 4733 1014 4795 1111111111-

261 4837 384 4900 torum,
408 4827 463 4906 qui
485 4826 644 4904 religiosis
666 4826 812 4888 eiusdem
828 4825 953 4888 Ordinis
968 4826 1014 4886 vi-

261 4924 319 4996 ris,
336 4937 438 4984 sacras
453 4921 487 4982 in
503 4919 650 4999 Aegypto
666 4921 826 4998 superiori
846 4921 1013 4982 missiones

262 5015 504 5096 peragentibus,
521 5030 625 5076 novus
641 5014 820 5092 praelectus
842 5014 1014 5092 aGougre-

263 5111 393 5190 gatione
404 5109 629 5187 Propagandae
641 5109 813 5171 catholicae
824 5109 912 5170 Fidei
925 5125 1014 5186 prae-

262 5204 364 5283 posita
378 5205 582 5276 constitutus,
596 5203 683 5275 illuc,
696 5212 733 5265 ut
748 5203 851 5265 datam
867 5203 927 5265 sibi
943 5219 1015 5282 pro·

262 5298 402 5361 vinciam
424 5297 672 5369 administraret,
697 5297 884 5375 propediem
910 5296 1015 5375 prole-

263 5399 376 5454 cturus
398 5397 458 5462 est,
481 5391 515 5453 in
536 5391 692 5452 mandatis
715 5391 873 5461 dedimus,
898 5398 934 5452 ut
955 5389 1015 5452 ira-

265 5484 448 5550 ternitatem
465 5490 552 5546 tuam
567 5484 681 5546 sedulo
697 5485 893 5546 conveniens
909 5485 1015 5546 omnia

264 5577 455 5657 apostolicae
477 5585 606 5640 nostrae
635 5579 773 5640 caritatis
802 5579 902 5641 officia
923 5579 960 5641 ad
983 5585 1015 5640 te

265 5671 398 5735 deierat.
421 5671 663 5749 Quamcumque
686 5672 772 5734 enim
800 5672 936 5734 oblatam
960 5688 1015 5734 no-

265 5765 313 5827 bis
329 5771 543 5844 opportunam
558 5763 695 5842 amplius
711 5764 935 5827 contestandae
958 5765 1015 5826 tibi

306 5981 335 6034 (1)
354 5981 388 6021 Ex
403 5978 492 6022 eodem
509 5979 571 6034 Reg.
588 5981 644 6023 111.

1068 711 1320 773 studiosissimae
1343 710 1516 772 voluntatis
1538 716 1666 772 nostrae
1683 709 1818 772 occasio-

1068 818 1144 864 nem
1167 803 1248 865 elabi
1271 803 1355 865 haud
1376 803 1526 882 patimur.
1551 801 1598 864 ,tu
1622 819 1660 864 eo
1683 803 1818 880 proinde

1068 895 1242 974 intelliges,
1267 913 1331 974 quo
1353 898 1386 958 in
1409 896 1479 958 loco
1512 896 1682 974 pretioque
1705 896 1819 958 habea-

1068 1004 1140 1050 mus
1162 989 1395 1053 lraternitatem
1427 998 1514 1052 tuam
1538 998 1570 1052 et
1592 996 1711 1066 quanto
1744 1007 1816 1053 cum

1068 1081 1222 1160 pontisscii
1243 1083 1341 1146 animi
1357 1085 1460 1146 nostri
1476 1084 1588 1146 solatio
1603 1069 1637 1147 ao
1654 1085 1818 1164 voluptate

1068 1191 1196 1254 semper
1211 1177 1399 1254 accipiamus
1415 1178 1539 1240 assidua
1554 1178 1733 1256 praeclarae
1746 1185 1818 1241 tuae
1833 1255 1837 1266 Ι

1068 1285 1144 1346 erga
1177 1269 1391 1347 Apostolicam
1416 1271 1495 1332 hanc
1524 1269 1669 1333 Sanctam
1701 1271 1817 1334 Sedem

1068 1363 1271 1424 reverentiae
1300 1371 1333 1424 et
1360 1379 1536 1442 propensae
1566 1365 1818 1443 praecipuaeque

1068 1469 1145 1532 erga
1167 1455 1353 1518 catholicam
1380 1457 1496 1528 fidem,
1520 1472 1616 1535 quam
1643 1457 1696 1520 illa
1726 1459 1819 1521 docet

1068 1566 1102 1611 ac
1124 1551 1306 1627 profitetur,
1329 1550 1502 1612 voluntatis
1523 1552 1715 1614 testimonia.
1739 1552 1818 1616 11111

1068 1643 1104 1704 ht
1125 1649 1171 1715 ut,
1196 1658 1276 1720 quae
1298 1643 1390 1706 nohis
1413 1645 1527 1706 iniecta
1543 1653 1601 1716 111,
1618 1661 1690 1724 spes
1706 1646 1819 1709 irater-

1069 1737 1202 1798 nitatem
1226 1744 1312 1799 tuam
1343 1744 1439 1814 atque
1469 1738 1622 1817 inclytam
1654 1741 1817 1804 nationem

1069 1829 1161 1891 nobis
1183 1830 1216 1892 in
1240 1831 1350 1908 primis
1372 1841 1531 1910 acceptam
1547 1833 1580 1894 in
1595 1834 1726 1897 vinculo
1749 1851 1818 1897 ruu-

1069 1929 1141 1984 tuae
1157 1923 1294 1984 caritatis
1311 1923 1389 1985 etin
1405 1924 1577 1986 catholicae
1593 1927 1723 1987 unitatis
1746 1945 1818 1992 cen-

1069 2021 1120 2077 tro
1136 2016 1369 2094 complectendi
1389 2018 1584 2080 desiderium
1604 2027 1751 2082 nostrum
1764 2037 1818 2084 ve-

1069 2109 1254 2171 hementius
1268 2111 1386 2172 excitet
1397 2118 1491 2188 atque
1504 2113 1692 2176 inflammet.
1705 2114 1818 2189 Quam·

1070 2201 1194 2274 obrem,
1219 2203 1335 2280 quibus
1358 2203 1591 2268 fraternitatem
1607 2213 1694 2268 tuam
1710 2223 1818 2286 prose·

1070 2295 1212 2371 quimur,
1233 2297 1380 2361 maximis
1398 2299 1552 2375 pontificii
1567 2303 1684 2362 amoris
1707 2303 1818 2365 studiis

1070 2395 1101 2450 te
1123 2405 1275 2466 rogamus
1297 2399 1392 2468 atque
1415 2393 1635 2466 exhortamur,
1652 2403 1688 2456 11
1710 2397 1745 2458 11
1769 2413 1815 2468 11,

1069 2497 1150 2560 quae
1173 2484 1305 2546 nomine
1327 2491 1383 2547 tuo
1405 2486 1500 2562 digna
1521 2489 1648 2566 populis
1671 2495 1743 2551 tuae
1765 2507 1818 2551 cu·

1069 2593 1123 2638 rae
1145 2577 1325 2638 commissis
1354 2578 1519 2651 salutaria,
1544 2581 1635 2642 nobis
1657 2583 1818 2645 iucundis·

1068 2670 1159 2742 sima,
1182 2670 1301 2732 iamdiu
1318 2672 1480 2734 meditaris
1501 2673 1644 2750 ingentia
1666 2676 1816 2752 lacinora,

1069 2765 1197 2826 tandem
1214 2781 1327 2826 manus
1342 2766 1523 2828 admoveas.
1547 2767 1594 2829 hb
1609 2769 1695 2831 hisce
1710 2779 1817 2833 autem

1070 2865 1251 2936 opportune
1267 2859 1478 2936 suscipiendis
1495 2873 1526 2924 et
1544 2863 1580 2923 ad
1605 2871 1746 2941 optatum
1764 2882 1817 2928 ex·

1068 2952 1155 3014 itum
1173 2951 1264 3013 111111
1287 2953 1509 3028 perducendis,
1527 2972 1567 3016 ne
1589 2957 1663 3018 ullis
1686 2958 1818 3022 difficul-

1068 3045 1186 3106 tatibus
1209 3053 1241 3106 et
1264 3045 1433 3106 obstaculis
1455 3048 1658 3126 impediaris,
1683 3067 1817 3115 consen-

1069 3144 1199 3198 taneum
1229 3138 1379 3200 duximus
1403 3153 1460 3216 per
1483 3141 1634 3203 eumdem
1663 3144 1815 3207 dilectum

1069 3231 1171 3292 lilium
1194 3231 1342 3294 iacobum
1364 3251 1381 3292 a
1402 3233 1577 3297 Gromsirio
1604 3237 1641 3298 11
1670 3237 1817 3300 11111111-

1068 3331 1166 3388 tatem
1190 3333 1275 3387 tuam
1306 3326 1434 3388 mittere
1463 3327 1657 3407 impressum
1679 3333 1763 3410 typis
1786 3352 1817 3396 e-

1068 3419 1213 3497 xemplar
1235 3421 1367 3496 regulae
1390 3421 1477 3482 iuxta
1498 3423 1665 3500 antiquum
1684 3443 1817 3491 consue-

1068 3521 1203 3591 tumque
1215 3515 1394 3576 Romanum
1409 3516 1495 3577 inter
1509 3525 1696 3596 ceterasque
1708 3519 1817 3584 Orien-

1068 3609 1108 3670 tis
1124 3608 1272 3670 ecclesias
1292 3609 1502 3670 constitutum
1523 3611 1754 3691 servatumque
1776 3617 1817 3677 11-

1067 3711 1193 3764 111111
1222 3719 1347 3764 morem
1382 3704 1513 3766 omnino
1544 3707 1718 3780 tenendae,
1743 3726 1817 3772 cum

1068 3796 1106 3858 ad
1128 3795 1314 3858 catholicam
1346 3797 1443 3858 iidem
1469 3799 1721 3875 amplectendam
1746 3819 1818 3880 pro-

1068 3890 1286 3966 fitendamque
1308 3890 1477 3952 unanimes
1494 3893 1665 3954 orientales
1687 3895 1818 3958 Antisti-

1068 3990 1116 4045 tes
1132 3985 1284 4046 accedere
1296 3999 1374 4046 vere
1387 4001 1427 4046 ex
1442 3986 1538 4047 corde
1551 3995 1714 4066 exoptant,
1732 3992 1817 4066 quod

1069 4077 1200 4153 quidem
1223 4083 1390 4155 postquam
1420 4093 1466 4150 ea,
1501 4093 1596 4156 quam
1618 4081 1650 4142 in
1675 4089 1715 4154 te,
1741 4097 1816 4144 ven.

1069 4171 1184 4243 irater,
1217 4170 1356 4232 maxime
1386 4173 1531 4233 eminere
1561 4175 1761 4249 gratulamur
1787 4184 1819 4238 et

1070 4265 1282 4327 necessariam
1315 4280 1385 4326 esse
1416 4266 1549 4327 omnino
1578 4267 1815 4343 existimamus,

1069 4357 1273 4420 sacerdotalis
1295 4358 1392 4418 animi
1414 4358 1461 4419 tui
1488 4358 1670 4422 sinceritate
1692 4369 1724 4423 et
1746 4379 1818 4424 con-

1070 4450 1183 4513 stantia
1204 4451 1444 4527 subscripseris,
1466 4453 1503 4514 ad
1526 4454 1671 4515 eamdem
1685 4454 1819 4532 Aposto-

1070 4546 1161 4608 licam
1186 4543 1302 4606 Sedem
1336 4544 1453 4607 laudati
1482 4545 1583 4608 lacobi
1605 4565 1621 4608 a
1643 4548 1818 4611 Cremsirio

1071 4655 1167 4718 opera
1189 4639 1421 4700 remittendum
1443 4656 1547 4702 cures.
1576 4640 1641 4703 Hoc
1663 4642 1748 4703 enim
1771 4642 1819 4705 lu-

1070 4733 1325 4796 culentissimum
1362 4733 1423 4794 erit
1458 4741 1688 4810 argumentum
1724 4743 1819 4813 atque

1070 4827 1306 4898 firmissimum,
1330 4833 1361 4886 te
1383 4827 1416 4887 in
1439 4826 1536 4888 nullis
1559 4844 1691 4906 prorsus
1712 4831 1820 4892 ortho-

1070 4922 1171 4983 doxae
1204 4920 1277 4981 fidei
1306 4927 1435 4980 nostrae
1463 4921 1605 4983 articulis
1634 4939 1650 4982 a
1680 4921 1820 4984 Romana

1070 5013 1210 5076 Ecclesia
1231 5013 1488 5086 dissentientem,
1513 5014 1657 5077 eiusdem
1674 5022 1819 5078 mutuam

1070 5108 1334 5170 communionem
1357 5107 1616 5170 benevolentiam
1643 5109 1821 5172 caritatem-

1071 5216 1134 5278 que
1156 5201 1348 5278 promereri.
1381 5199 1468 5262 ldem
1490 5209 1598 5262 autem
1628 5201 1763 5264 dilectus
1786 5203 1820 5264 11-

1071 5295 1133 5357 1111
1155 5295 1296 5368 lacobus‚
1318 5295 1373 5372 qui
1396 5301 1527 5373 propter
1542 5295 1698 5358 eximium
1714 5297 1821 5358 catho-

1070 5388 1148 5451 licae
1171 5389 1339 5466 religionis
1355 5389 1474 5460 zelum,
1492 5389 1680 5460 doctrinam,
1698 5389 1820 5467 sapien·

1071 5482 1147 5544 tiam
1176 5483 1446 5561 prudentiamque
1468 5490 1500 5545 et
1526 5499 1672 5560 magnam
1697 5484 1821 5560 lingua-

1071 5592 1145 5638 rum
1166 5593 1200 5638 ac
1223 5593 1351 5638 tuorum
1384 5577 1590 5639 orientalium
1619 5585 1652 5638 et
1683 5577 1820 5639 nationis

1071 5677 1181 5748 coptae
1196 5671 1401 5748 potissimum
1417 5671 1636 5748 cognitionem
1653 5671 1821 5748 experien-

1071 5764 1225 5841 tiamque.
1249 5764 1400 5826 diuturna
1422 5764 1454 5825 in
1477 5765 1544 5826 istis
1567 5764 1709 5843 partibus
1732 5779 1822 5826 mora

1743 575 1799 639 ltl
1856 574 2035 634 11111111
