4836 7002
865 603 1064 652 seducturus
1087 605 1136 649 PP.
1161 605 1225 650 x1v.

268 726 398 800 luimus,
417 726 535 789 nostris
556 725 632 804 ipsis
655 724 801 788 manibus
818 723 1015 786 Patriarcbae
1042 720 1044 786 l
1071 737 1214 800 anonam
1236 719 1466 784 obliviscantur
1487 720 1750 784 sinceramseam
1766 718 1821 782 ad·

268 821 438 884 Armeniae
461 821 595 882 minoris
623 827 655 884 et
676 819 815 894 Ciliciae,
829 820 1015 883 confirmata

267 917 355 994 prius
387 916 474 980 illius
505 915 682 986 electione,
715 915 850 977 latinum
884 913 1014 992 pallium

267 1011 480 1086 imposuimus
501 1009 557 1089 (l).
582 1009 687 1086 Atque
708 1009 737 1070 id
761 1009 877 1088 ipsum,
894 1007 926 1070 in
942 1023 1016 1070 con·

266 1103 393 1164 sistorio
409 1102 630 1180 semipublico,
651 1102 891 1165 concedendum
916 1113 1016 1162 trans·

268 1193 1016 1274 mittendumquedecrevimusGyrilloPatriar-

267 1289 343 1350 cbae
356 1289 557 1351 Antiocheno
571 1289 765 1352 Graecorum
782 1288 1015 1359 llelcbitarom,

268 1389 437 1458 postquam
472 1382 611 1446 examini
646 1381 786 1444 subiecta
822 1379 1017 1458 probataque

267 1470 373 1533 luerat
400 1472 486 1534 illius
517 1472 647 1544 electio,
672 1472 804 1552 ipseque
834 1491 891 1554 per
913 1475 1017 1552 legiti-

269 1578 357 1626 mum
390 1565 426 1626 ad
463 1565 492 1626 id
529 1567 740 1630 constitutum
775 1576 1015 1646 procuratorem

268 1658 371 1722 enixis
395 1659 543 1736 precibus
565 1659 623 1722 sibi
647 1659 779 1722 latinum
797 1661 928 1739 pallium
945 1677 1018 1724 con-

268 1751 337 1814 cedi
353 1753 571 1829 postulaverat
585 1753 641 1832 (2).
657 1752 746 1828 Quod
763 1755 866 1833 ipsum
883 1755 1017 1817 latinum

268 1845 401 1922 pallium
424 1846 492 1907 aliis
514 1846 637 1908 duobus
650 1847 838 1910 Patriarclris
856 1848 1017 1919 Armeuis,

268 1938 542 2016 subsequentibus
564 1941 807 2018 temporibus,a
830 1942 920 2004 nobis
943 1941 1019 2018 ipsis

268 2031 377 2094 datum
400 2040 448 2094 est
468 2032 525 2112 (3).

309 2127 327 2202 ἓ
349 2126 378 2187 3.
401 2125 489 2200 Quod
506 2135 612 2190 autem
629 2127 666 2189 ad
683 2127 850 2191 llaronitas
867 2129 1017 2208 pertinet,

270 2227 474 2298 compertum
490 2221 664 2299 unicuique
680 2227 739 2294 est,
759 2239 813 2285 eos
829 2223 875 2286 uti
893 2239 1017 2302 azymo,

270 2328 334 2374 non
357 2329 450 2374 secus
472 2331 505 2376 aa
527 2315 629 2377 utitur
644 2311 852 2378 Occidentalis
868 2317 1017 2388 Ecclesia,

270 2414 304 2468 et
324 2423 410 2468 sacra
439 2406 592 2470 adbibere
620 2409 807 2472 indumenta
834 2412 952 2473 nostris
981 2411 1020 2471 si-

271 2500 406 2562 millima
427 2499 483 2581 (A).
501 2500 608 2563 Nostis
625 2511 801 2581 praeterea,
817 2504 1020 2567 venerabiles

272 2593 403 2664 iratres,
427 2610 486 2656 nos
509 2594 601 2666 olim,
625 2596 662 2658 ad
684 2598 930 2674 compescendas
959 2598 1019 2660 dis·

271 2689 438 2750 sensiones
460 2689 492 2750 in
515 2705 628 2752 eorum
649 2691 848 2754 Patriarcbae
863 2693 1021 2772 electione

271 2780 435 2851 subortas,
459 2781 673 2844 Patriarcbam
701 2784 939 2848 Antiochenum
963 2785 1021 2846 lla-

273 2875 451 2936 ronitarum
474 2875 537 2937 illis
559 2877 764 2942 constituisse
779 2877 943 2942 Simonem
968 2880 1021 2942 Pe-

274 2973 361 3030 trum
384 2968 555 3040 Eubulum,
579 2975 674 3047 atque
697 2972 782 3034 bunc
803 2972 902 3035 luisse
924 2991 939 3034 a
962 2973 1022 3036 lla-

273 3062 387 3123 ronitis
409 3062 621 3126 libentissime
643 3072 826 3142 exceptum,
851 3067 1022 3144 eidemque

272 3155 409 3218 subinde
431 3172 620 3219 concessum
635 3175 651 3220 a
667 3159 759 3220 nobis
775 3159 871 3221 luisse
887 3160 1020 3222 latinum

273 3249 417 3326 pallium,
442 3265 500 3328 pro
516 3265 580 3327 quo
600 3251 764 3328 legitimus
789 3254 888 3330 ipsius
910 3269 1022 3331 procu-

272 3350 370 3413 rator,
401 3345 587 3406 necessariis
610 3345 811 3408 documentis
833 3347 1020 3416 instructus,

272 3437 305 3498 in
327 3437 518 3499 consistorio
540 3437 707 3499 insteterat
724 3439 779 3520 (ll).

311 3531 381 3606 54.
403 3530 523 3591 Evivis
546 3545 650 3608 nuper
672 3534 808 3596 excessit
823 3549 1021 3612 praememo-

272 3631 360 3686 ratus
393 3622 503 3686 Simon
533 3623 646 3686 Petrus
675 3625 832 3703 Evodius3
856 3643 1022 3706 quumque

273 3719 446 3782 llaronitae
468 3720 629 3797 elegerun
653 3721 712 3798 ipsi
734 3737 972 3797 successorem,
995 3725 1022 3786 is

274 3813 366 3891 plane
388 3821 447 3886 est,
464 3813 519 3890 qui
542 3830 599 3892 per
625 3829 720 3878 suum
751 3816 946 3894 ablegatum,
969 3835 1023 3898 op·

274 3913 410 3984 portuno
422 3922 568 3985 quaeque
581 3909 772 3972 documenta
787 3911 1020 3988 proierentem

274 4000 406 4077 pallium
438 4000 497 4062 sibi
527 4002 657 4063 concedi
691 4004 847 4080 postulat,
872 4006 1022 4082 quemad-

277 4094 406 4156 modum
430 4110 504 4155 mox
526 4094 585 4172 ipsi
608 4096 743 4158 audietis
765 4098 923 4176 exipsius
944 4099 1023 4178 legi-

275 4187 353 4248 timo
375 4193 594 4264 procuratore,
611 4203 708 4265 quem
724 4193 785 4252 iam
802 4207 887 4254 nuuc
902 4192 935 4254 in
950 4209 1023 4256 con-

274 4279 436 4342 sistorium
460 4279 498 4341 ab
520 4296 569 4352 eo,
584 4282 634 4342 cui
649 4281 680 4344 id
703 4299 821 4347 munus
843 4291 902 4357 est,
916 4285 1023 4349 induci

275 4374 474 4437 mandamus.

316 4561 391 4626 Post
425 4561 513 4632 Aeac,
545 4559 774 4627 Sanctissimae
808 4568 1024 4632 intermissam

277 4654 502 4720 allocutionem
517 4673 716 4736 prosequens,
729 4660 909 4724 electionem
925 4663 1025 4744 ipsias

276 4749 491 4814 Patriarcbae
516 4747 627 4814 Tobiae
649 4767 744 4830 quant
765 4751 898 4818 libenter
919 4762 949 4818 et
963 4773 1025 4836 qna

276 4844 424 4908 clancula
454 4861 486 4906 se
516 4845 734 4925 confirmasse,
758 4847 917 4928 eidemque
938 4857 1025 4930 opta·

277 4943 345 4999 tnm
374 4937 508 5017 palliam
538 4936 670 5020 deniqne
704 4941 887 5014 concedere,
911 4945 1026 5010 emissa

275 5032 368 5111 prins
389 5037 455 5094 tora
477 5030 528 5092 bic
549 5032 584 5093 in
606 5031 683 5096 arbe
698 5030 737 5096 ab
752 5035 852 5115 ipsias
871 5051 1024 5117 procura-

277 5131 355 5195 tore,
379 5140 475 5203 qaam
496 5125 531 5186 ia
548 5123 660 5188 Monte
690 5125 812 5191 Libano
835 5127 874 5193 ab
895 5130 1026 5212 ipsomet

277 5217 486 5288 Patriarcba,
502 5217 574 5298 fidei
587 5219 795 5300 professione·
818 5227 917 5286 totam
938 5224 1024 5286 deai-

277 5327 333 5389 qae
355 5310 509 5390 Syrorum
529 5311 769 5377 Maronitarum
790 5317 969 5388 nationem,
987 5335 1026 5382 ae

318 5523 347 5579 (1)
363 5523 480 5570 Citatum
497 5524 543 5570 lib.
559 5528 592 5582 lit,
613 5525 731 5574 eiusdem
751 5530 838 5585 aperis
853 5541 908 5588 cap.
925 5533 958 5586 15,
977 5531 1026 5577 sub

278 5602 350 5714 nug).
363 5593 397 5704 lugi
408 5663 500 5706 nostra
513 5661 692 5708 consistoriali
706 5663 868 5710 allocutione
882 5665 925 5711 die
939 5677 976 5712 ur.
993 5665 1026 5712 le-

279 5727 381 5773 bruarii
401 5739 544 5774 unccxnrv.
565 5733 592 5774 et
613 5729 742 5788 impressa
758 5734 820 5777 tom.
835 5735 849 5776 2
863 5733 948 5779 nostri
968 5735 1027 5780 Bul-

279 5794 339 5840 larii
355 5793 381 5840 in
397 5795 506 5853 append.
522 5797 571 5842 sub
585 5807 658 5842 num.
673 5799 693 5843 d.

320 5863 349 5917 (3)
366 5863 470 5908 scilicet
491 5863 518 5909 in
540 5865 696 5911 consistorio
718 5865 809 5912 habito
829 5867 872 5914 die
892 5879 969 5914 xxrrr.
989 5879 1026 5912 se·

281 5931 407 6006 ptembris
426 5942 520 5978 uocet.
535 5935 562 5978 et
577 5931 604 5978 in
618 5933 775 5979 consistorio
797 5935 888 5982 habito
902 5935 944 5980 die
959 5947 1024 5980 xxu.

282 6007 346 6040 rrrnu
359 6008 483 6044 mcccciv.

385 6123 442 6163 Irrr.
459 6125 535 6165 Porti.
551 6125 583 6166 de
600 6127 680 6176 l‘rop.
696 6125 759 6167 Fide
772 6123 859 6168 Pariis
874 6126 891 6167 l.
908 6124 961 6168 vol.
979 6127 1028 6168 Vll.

1072 815 1253 878 bassianam
1279 814 1454 878 catholicae
1474 812 1547 893 pidei
1588 821 1617 876 et
1639 812 1710 876 Sedi
1742 811 1820 893 Apo·

1071 909 1212 979 stelione,
1227 909 1418 972 manasedam
1440 925 1514 976 esse,
1533 908 1636 988 eisque
1650 909 1746 972 simol
1767 924 1822 969 no·

1071 1004 1157 1066 sicine
1175 1004 1338 1086 pontificio
1354 1003 1559 1084 apostolicam
1574 1001 1821 1066 benedictionem

1072 1097 1328 1176 impertiendam,
1361 1096 1575 1160 ornatissimis
1607 1096 1690 1159 bisce
1721 1092 1823 1157 verbis

1072 1206 1229 1270 seponere
1249 1191 1402 1272 diqnatas
1424 1197 1487 1254 est:

1113 1378 1265 1452 Audistis,
1278 1380 1480 1442 venerabiles
1496 1380 1621 1450 tratres,
1645 1378 1821 1457 expositam

1073 1491 1089 1534 a
1111 1473 1258 1550 legitimo
1280 1475 1373 1537 electi
1395 1475 1593 1536 Patriarcbae
1615 1479 1822 1551 procuratore

1075 1583 1133 1644 pro
1155 1567 1249 1645 pallio
1270 1568 1465 1631 instantiam.
1484 1567 1622 1630 Audistis
1645 1574 1821 1644 praeterea,

1074 1661 1190 1738 quibus
1207 1661 1259 1724 illa
1275 1661 1492 1724 laudamentis
1508 1659 1673 1724 inuitatur.
1693 1660 1727 1722 ln
1743 1660 1823 1721 Con-

1076 1755 1264 1832 gregatione
1299 1756 1443 1833 negociis
1479 1755 1701 1832 propagandae
1736 1753 1822 1816 llidei

1075 1850 1263 1928 praeposita,
1287 1849 1348 1912 iam
1371 1865 1510 1928 expensa
1540 1849 1674 1910 luerunt
1694 1847 1823 1910 electio-

1075 1946 1124 2007 nis
1146 1945 1307 2016 validitas,
1332 1944 1426 2007 electi
1455 1943 1587 2014 merita,
1611 1942 1731 2019 quique
1753 1955 1823 2018 per·

1074 2034 1822 2113 actamelectionemconsequutusest,omnium

1075 2147 1223 2194 assensus
1249 2138 1281 2194 et
1303 2131 1442 2210 plausus
1477 2129 1521 2192 De
1544 2129 1593 2190 bis
1615 2128 1765 2190 omnibus
1787 2128 1823 2190 ad

1076 2243 1132 2288 nos
1161 2225 1398 2288 accuratissime
1426 2225 1564 2288 relatum
1593 2222 1669 2285 luit:
1701 2235 1825 2298 nosque

1076 2319 1254 2382 exhibitum
1277 2335 1293 2380 e
1315 2317 1574 2395 Congregatione
1589 2315 1758 2379 consilium
1776 2329 1824 2376 se·

1076 2419 1225 2489 quentes,
1239 2412 1430 2474 electionem
1453 2411 1551 2489 ipsam
1574 2424 1668 2486 quam
1685 2406 1825 2470 libenter

1076 2505 1350 2570 confirmavimus.
1365 2505 1398 2567 ln
1411 2505 1476 2582 ipsa
1489 2502 1732 2568 confirmatione
1742 2501 1825 2564 clau·

1075 2601 1178 2663 sulam
1205 2599 1292 2662 illam
1325 2599 1621 2677 praetermisimus,
1650 2611 1824 2676 perquam

1076 2693 1155 2756 aliae
1177 2708 1408 2769 nonnunquam
1426 2691 1600 2755 electiones
1622 2690 1754 2752 validari
1777 2705 1826 2750 so·
1880 2691 1889 2702 “

1077 2788 1165 2857 lent,
1189 2787 1285 2850 etiam
1317 2787 1421 2865 quoad
1452 2783 1703 2857 catalecticum·
1724 2799 1823 2860 quum

1077 2880 1157 2943 nibil
1186 2879 1218 2943 in
1241 2897 1277 2942 ea
1307 2879 1512 2944 desideretur
1543 2895 1582 2940 eu
1604 2878 1659 2948 iis,
1686 2891 1767 2954 quae
1788 2875 1824 2938 ad

1077 2975 1274 3038 validitatem
1297 2981 1396 3046 actus,
1416 2975 1502 3036 iuxta
1517 2971 1713 3036 Orientalem
1736 2971 1825 3034 disci-

1077 3069 1215 3147 plinam,
1240 3067 1418 3130 necessaria
1447 3067 1689 3137 existimantur3
1720 3079 1826 3140 neque

1078 3177 1156 3225 vero
1178 3161 1326 3224 affirmari
1351 3176 1408 3240 pro
1430 3167 1518 3224 certo
1539 3159 1653 3228 valeat,
1677 3156 1827 3221 Occiden-

1079 3257 1148 3320 talis
1163 3255 1323 3318 Ecclesiae
1344 3255 1445 3332 leges,
1459 3254 1574 3331 quibus
1589 3253 1713 3329 aliquae
1735 3252 1826 3314 indu-

1077 3357 1145 3411 rtae
1161 3349 1294 3412 luerunt
1308 3348 1533 3411 substantiales
1545 3347 1740 3410 electionum
1757 3345 1826 3408 nul-

1078 3445 1193 3515 litates,
1211 3441 1407 3505 Orientalem
1422 3455 1553 3519 quoque
1574 3440 1746 3502 Ecclesiam
1762 3439 1826 3501 alfl-

1077 3554 1169 3608 cere,
1194 3538 1233 3600 de
1262 3552 1322 3614 qua
1349 3536 1381 3598 in
1413 3535 1489 3614 ipsis
1518 3533 1645 3611 legibus
1667 3533 1754 3596 nulla
1776 3550 1826 3596 oc·

1078 3631 1180 3693 currit
1202 3631 1324 3692 mentio
1345 3627 1401 3710 (6).
1435 3628 1519 3702 Quae
1552 3643 1653 3706 quum
1682 3627 1722 3690 ita
1749 3627 1824 3699 sint,

1078 3731 1258 3788 annuentes
1284 3723 1431 3802 precibus
1453 3721 1491 3784 ab
1513 3721 1604 3784 electi
1627 3721 1826 3784 Patriarcbae

1079 3823 1286 3898 procuratore
1308 3817 1471 3894 expositis,
1485 3815 1597 3877 libenti
1613 3815 1720 3877 animo
1740 3823 1827 3895 opta-

1080 3919 1148 3974 tum
1172 3911 1303 3991 pallium
1325 3911 1385 3988 ipsi
1407 3909 1632 3984 concedimus3
1658 3909 1697 3970 ita
1719 3915 1826 3971 tamen

1078 4013 1115 4068 ut
1135 4007 1220 4067 idem
1243 4005 1409 4082 legitimus
1431 4009 1631 4082 procurator,
1648 4003 1827 4066 nomineil·

1078 4099 1151 4169 lius,
1169 4116 1185 4160 a
1200 4112 1263 4175 quo
1278 4097 1470 4162 constitutus
1492 4105 1551 4168 est,
1565 4097 1752 4177 priusquam
1768 4097 1826 4175 ipsi

1080 4192 1132 4254 dat
1164 4191 1248 4270 pallii
1270 4191 1416 4263 traditio,
1444 4189 1676 4269 prolessionem
1701 4191 1774 4253 fidei
1797 4207 1828 4253 e-

1079 4287 1200 4356 mittat,
1223 4285 1310 4347 iuxta
1332 4283 1504 4347 lormulam
1526 4284 1565 4346 ab
1593 4283 1721 4346 Urbano
1747 4283 1825 4347 Vlll.

1080 4379 1325 4458 praedecessore
1337 4386 1448 4440 nostro
1461 4383 1622 4452 statutam3
1636 4385 1668 4440 et
1679 4378 1710 4440 id
1721 4377 1826 4456 ipsum

1080 4473 1217 4535 subinde
1240 4472 1293 4534 liat
1324 4473 1360 4534 ab
1393 4472 1529 4550 ipsomet
1559 4472 1752 4534 Patriarcba:
1776 4473 1828 4534 cui

1080 4567 1226 4645 impense
1253 4566 1471 4644 iniungimus,
1501 4575 1537 4628 ut
1561 4583 1637 4630 suos
1660 4566 1829 4628 Maronitas

1081 4667 1226 4733 moneat,
1250 4676 1290 4722 ne
1313 4675 1453 4738 unquam
1477 4659 1707 4722 obliviscantur
1727 4660 1828 4722 since·

1081 4770 1149 4816 ram
1171 4753 1307 4816 nationis
1322 4770 1398 4816 suae
1413 4754 1639 4816 adhaesionem
1656 4754 1828 4817 catholicae

1081 4848 1155 4912 fldei
1177 4855 1209 4911 et
1231 4847 1302 4912 Sedi
1326 4848 1537 4927 Apostolicae,
1561 4863 1642 4926 quae
1664 4855 1751 4910 tanto
1772 4864 1828 4910 eos

1080 4959 1190 5005 amore
1212 4943 1356 5022 amplexa
1379 4950 1427 5005 est
1448 4950 1480 5005 et
1501 4941 1741 5022 complectitur:
1769 4942 1828 5004 eis-

1081 5037 1221 5114 demque
1239 5037 1336 5098 simul
1352 5043 1463 5098 nostro
1478 5037 1610 5098 nomine
1625 5035 1828 5113 apostolicam

1082 5129 1338 5212 benedictionem
1360 5131 1574 5209 impertiatur.

1122 5533 1152 5588 (4)
1168 5533 1224 5578 vid.
1246 5537 1339 5580 nostre
1358 5533 1470 5591 epistola
1491 5534 1622 5591 encyclica
1644 5535 1677 5580 ad
1692 5538 1830 5581 missione-

1081 5603 1138 5644 rtcs
1152 5612 1204 5653 per
1221 5605 1354 5646 marma
1374 5606 1540 5652 constitutos,
1562 5613 1630 5659 quae
1646 5606 1688 5648 est
1703 5607 1730 5647 47
1745 5603 1832 5648 nostri

1081 5667 1202 5723 Bullarii,
1217 5671 1279 5714 tom.
1294 5673 1316 5724 4,
1331 5680 1402 5714 num.
1418 5671 1453 5724 23,
1467 5673 1494 5714 25
1507 5673 1533 5715 et
1548 5672 1582 5716 sl.

1122 5735 1153 5791 (5)
1168 5739 1196 5780 In
1212 5739 1304 5782 nostra
1317 5737 1495 5783 consistoriali
1509 5737 1672 5784 allocutione
1685 5737 1777 5784 habita
1789 5739 1831 5784 dle

1081 5813 1139 5848 xrrr.
1155 5801 1215 5848 iulii
1229 5814 1373 5850 nnccxnrv.
1385 5807 1413 5850 et
1427 5804 1558 5862 impressa
1576 5805 1619 5852 clt.
1637 5809 1699 5852 tom.
1717 5809 1731 5852 2
1747 5805 1830 5852 nostrl

1082 5869 1195 5914 Buliarii
1209 5870 1236 5914 in
1251 5871 1361 5928 append.
1377 5871 1425 5918 sub
1440 5883 1512 5918 nunt.
1527 5876 1547 5917 7.

1123 5937 1153 5992 (6)
1169 5936 1224 5981 Vid.
1235 5937 1317 5983 citata
1332 5941 1423 5986 nostra
1432 5939 1545 5996 epistola
1559 5939 1700 5996 encyclica,
1710 5951 1777 5996 quae
1792 5941 1832 5982 est

1081 6007 1116 6058 47,
1131 6007 1195 6050 tom.
1209 6007 1223 6049 4
1237 6006 1322 6051 nostri
1337 6007 1458 6060 Bullarii,
1473 6018 1546 6052 nrrm.
1559 6010 1594 6052 44.

1701 6132 1726 6174 'ld

1744 581 1801 646 185
1857 581 1909 640 An.
1922 581 1951 640 G.
1966 581 2033 639 rtet
