4814 6992
361 569 454 628 166.
469 571 538 629 1666
593 570 632 632 32

573 702 629 780 gni
665 702 894 764 haereditatem
926 697 1144 762 immortalem
1177 714 1212 758 ac
1240 713 1321 758 nun-

573 809 668 872 quam
691 795 867 873 perituram
890 793 1031 855 vocarit:
1057 792 1147 856 cuius
1173 792 1319 854 beneficii

573 888 760 966 magnitudo
781 894 818 949 ut
843 904 956 964 magna
984 887 1102 950 laetitia
1131 887 1234 949 6116611
1265 904 1320 949 cor

572 989 731 1055 nostrum,
754 983 796 1044 ita
819 982 893 1059 quid
917 998 975 1060 pro
1003 987 1133 1044 66616
1166 981 1319 1042 debeatur

571 1075 664 1153 plane
686 1075 860 1153 intelliges,
887 1075 912 1137 si
935 1075 971 1136 ad
994 1073 1086 1138 illum
1112 1075 1248 1137 subinde
1271 1090 1319 1136 re-

571 1169 694 1247 spicias,
719 1170 772 1247 qui
795 1169 886 1231 nobis
908 1185 983 1230 suae
1013 1168 1196 1246 disciplinae
1219 1167 1318 1230 lactus

570 1263 671 1324 estin
696 1261 893 1340 exemplum.
917 1261 1049 1323 Enitere
1071 1275 1149 1323 6666
1178 1267 1210 1322 61
1237 1260 1319 1322 6616-
1351 1288 1356 1297 =

570 1349 723 1426 borant
754 1361 998 1417 consummetur
1028 1354 1088 1416 boc
1121 1369 1199 1432 opus
1232 1354 1316 1430 quod

568 1448 732 1526 inceptum
763 1450 865 1510 estin
887 1447 1084 1526 amplissimo
1113 1446 1175 1508 isto
1202 1462 1315 1522 regno.

568 1540 662 1603 Nulla
689 1542 774 1603 enim
808 1541 904 1604 66661
938 1557 1007 1602 esse
1039 1547 1124 1603 tanta
1156 1546 1316 1602 terrarum

569 1635 696 1696 vastitas
718 1645 750 1698 61
777 1635 964 1712 longitudo,
989 1651 1070 1712 quae
1093 1635 1197 1696 obstet
1223 1633 1315 1705 11661,

569 1741 650 1804 quae
673 1735 799 1790 montes
816 1728 977 1799 translert,
995 1735 1049 1790 aut
1063 1727 1218 1797 charitati,
1236 1741 1316 1804 quae

570 1835 733 1898 nunquam
762 1821 889 1892 excidit,
921 1821 1027 1883 omnia
1049 1821 1197 1890 sustinet,
1221 1825 1316 1896 atque

570 1923 732 1992 operatur.
756 1915 818 1977 Hac
841 1921 871 1976 te
893 1917 926 1978 in
955 1920 1101 1976 nostrum
1135 1913 1242 1976 sinum
1265 1915 1316 1975 ad-

568 2009 743 2081 mittimus,
768 2008 857 2070 66166
890 2023 970 2085 erga·
988 2015 1019 2070 16
1041 2025 1074 2070 66
1098 2015 1211 2085 gentes
1241 2007 1315 2068 istas

566 2102 661 2164 ardor
689 2118 748 2164 nec
769 2117 936 2178 aquarum,
968 2115 1049 2178 quac
1071 2102 1156 2162 inter
1188 2100 1315 2162 66616-

568 2195 748 2266 tercedunt,
772 2195 980 2258 multitudine
1012 2195 1232 2271 extinguetur,
1256 2209 1315 2256 nec

567 2288 631 2350 ulla
653 2304 794 2366 unquam
818 2289 1002 2352 difficultate
1025 2296 1079 2350 aut
1099 2289 1243 2366 periculo
1266 2305 1314 2350 re-

566 2380 735 2458 61666666
759 2397 854 2460 quam
876 2389 982 2445 autem
1006 2383 1062 2444 tibi
1085 2383 1166 2460 petis
1185 2383 1314 2449 benedi-

564 2477 716 2549 ctionem,
740 2483 943 2554 peramanter
964 2475 1181 2554 impertimur.

605 2569 717 2631 Datum
735 2570 862 2642 Romae,
877 2571 958 2647 apud
977 2568 1007 2630 S.
1026 2570 1168 2642 Petrum,
1186 2571 1246 2632 snb
1261 2588 1313 2633 an-

565 2664 642 2725 nulo
667 2663 844 2734 Piscatoris,
876 2664 927 2724 die
956 2679 1047 2724 xvrrr.
1078 2664 1146 2725 dec.
1181 2681 1311 2738 66666,

564 2755 765 2834 pontificatus
787 2756 887 2818 nostri
909 2773 992 2817 anno
1015 2773 1035 2816 r.

912 3227 961 3290 111.

564 3417 664 3480 Mittit
684 3415 847 3496 losepimm
870 3433 890 3478 6
913 3415 943 3478 S.
968 3415 1077 3478 Maria
1111 3416 1311 3478 carrrtelitam

601 3511 841 3578 discalceatum,
864 3509 906 3572 ad
926 3508 1127 3588 provinciam
1150 3507 1308 3590 1666666-

601 3605 734 3673 icnsem,
757 3609 794 3665 61
814 3617 910 3683 snper
937 3617 1062 3664 recessa
1088 3601 1233 3671 Tbomuc,
1257 3619 1309 3666 ar-

599 3697 782 3762 cbidiaconi
815 3695 971 3758 Ecclesiae
1000 3695 1256 3775 discamudensis,
1281 3715 1309 3759 c-

599 3795 710 3870 166666
731 3791 913 3870 sentenciam
936 3787 974 3852 ab
989 3786 1166 3851 obedientie
1184 3787 1309 3851 666616-

598 3886 735 3967 piscopi,
766 3883 1012 3964 interiectionis
1034 3883 1157 3961 capiat,
1188 3887 1218 3944 et
1237 3899 1309 3963 pro-

599 3997 702 4042 cessus
725 3979 884 4061 conficiat,
908 3993 979 4038 cmm
1008 3975 1141 4037 diversis
1168 3975 1308 4056 1666116-

600 4074 683 4138 tibns
704 4075 716 4156 (
738 4073 760 4153 ).

1068 4239 1334 4250 --.-.-—--·-—--

600 4345 629 4399 (i)
646 4343 828 4388 ttortatorium
845 4340 977 4386 universis
993 4340 1113 4385 1166111666
1136 4339 1306 4394 6661666666

557 4423 573 4456 6
589 4415 612 4454 S.
629 4411 719 4462 616616,
730 4409 883 4454 6666666166
898 4407 1063 4460 discalceato,
1075 4407 1107 4452 66
1124 4411 1213 4464 pamas
1223 4406 1306 4450 orien-

559 4480 592 4524 tis
608 4479 764 4536 profecturo.

561 4617 694 4658 Uiriuersis
712 4615 934 4666 616616111161611666,
952 4616 1005 4654 tum
1021 4613 1209 4656 ecciesiasticis.
1225 4613 1303 4663 61161666

597 4685 716 4724 cistris-ris
733 4683 848 4724 06611616.
866 4681 1081 4732 66666666116616
1097 4681 1119 4719 rt
1136 4679 1253 4720 tristitrrtt
1268 4687 1306 4718 re·

538 4748 544 4758 '
596 4751 745 4799 6611661666,
770 4757 852 4798 661666.
874 4749 955 4792 tetris,
979 4749 1132 4797 praesentes
1150 4747 1252 4787 litter-as
1266 4747 1306 4786 iri·

595 4819 735 4868 spectaris,

769 4907 959 4950 ALEXANDER
979 4907 1023 4948 ΡΡ.
1039 4907 1090 4948 vti,

621 5021 735 5060 66161666
749 5019 773 5058 et
787 5017 961 5066 apostoticam
980 4989 1184 5058 berteritctionem
1200 5013 1235 5066 (Ἰ.

595 5154 659 5195 curn
676 5162 721 5195 nos
736 5149 861 5193 dilectoni
879 5148 962 5192 tilium
986 5147 1125 5203 iosepburn
1141 5157 1156 5190 a
1172 5150 1195 5189 S.
1212 5145 1303 5197 illaria,

554 5218 659 5262 Ordinis
673 5217 787 5262 16616666
806 5216 923 5260 eiusdem
941 5217 964 5257 S.
981 5214 1080 5258 6166166
1095 5213 1126 5256 66
1142 5215 1302 5258 6666161366-

556 5287 623 5330 66616
646 5285 864 5330 discalceatorum
889 5285 1116 5337 nuncupatorum,
1142 5281 1227 5324 virum
1253 5281 1303 5336 pie·

556 5355 611 5398 1616
627 5351 821 5408 praeclarisque
837 5348 981 5394 virtutibus
996 5347 1198 5403 6ι·66611666,66
1215 5351 1303 5402 partes

556 5419 681 5472 orientis,
706 5429 766 5462 cum
791 5417 890 5461 nostris
914 5427 993 5472 super
1016 5415 1173 5470 gravissimo
1199 5411 1302 5469 negotio

556 5485 696 5538 insudatis,
711 5485 862 5532 mittamus:
878 5483 976 5527 idcirco
991 5493 1035 5527 ros
1045 5493 1135 5527 ornnes
1147 5485 1173 5526 61
1183 5479 1302 5534 singulos

554 5553 699 5609 plurimum
716 5553 857 5596 hortamur
872 5551 898 5594 in
914 5549 1069 5602 1166616661
1084 5547 1301 5606 666166116661666

554 5621 699 5665 bonitatem
723 5620 775 5674 bei,
796 5619 842 5675 qui
863 5617 980 5663 66661166
1001 5620 1049 5670 661,
1066 5621 1175 5673 quaterne
1192 5615 1302 5670 requiri-

554 5698 621 5740 mus,
635 5690 715 5743 otque
730 5686 810 5732 etiam
833 5685 909 5729 enine
925 5684 1047 5741 petimus,
1064 5687 1093 5728 ut
1108 5683 1219 5728 eundem
1237 5687 1301 5728 1666-

1095 581 1158 626 tun.
1183 579 1275 624 PONT.
1299 579 1339 623 DE
1361 577 1391 624 P.
1416 580 1445 624 F.
1470 579 1553 624 PARS
1575 579 1596 624 1.

1378 693 1494 760 Dilecta
1523 693 1587 762 11116
1618 693 1785 779 16666666
1814 694 1850 761 S.
1875 695 2124 775 1166160661616

1416 787 1541 854 tratrem
1564 789 1697 856 ciusdem
1722 787 1754 855 S.
1773 789 1886 856 itariae
1903 807 1920 856 6
1936 797 2036 858 monte
2053 789 2125 856 666-

1416 881 1493 948 melo
1515 883 1769 950 discalceaiorun
1792 890 2037 967 nuncupatorum,
2081 881 2086 892 '

1546 1069 1778 1138 ALEXANDER
1802 1070 1863 1138 ΡΡ.
1888 1071 1946 1138 Vll.

1552 1285 1559 1302 ·
1648 1259 1845 1332 1111661611Ιί,

2164 556 2213 614 An.
2228 559 2257 615 C.
2273 559 2340 617 1656

1374 1349 1506 1416 satutem
1529 1353 1780 1435 61666616116666
1804 1352 2044 1420 benedictionem
2063 1355 2120 1438 (2).
2217 1349 2223 1360 '

1412 1539 1493 1602 (ium
1515 1541 1607 1612 sicut,
1625 1543 1774 1604 6666166
1797 1543 1886 1619 gravi
1902 1543 1998 1604 animi
2021 1543 2119 1605 nostri

1373 1633 1529 1706 molestia,
1552 1635 1587 1696 ad
1612 1651 1705 1697 66666
1735 1642 1859 1698 6661666
1893 1637 2051 1714 66666611,
2076 1638 2120 1698 61-

1372 1727 1473 1788 166166
1503 1727 1587 1789 lilius
1615 1727 1763 1800 Theman,
1798 1729 2038 1792 archidiaconus
2064 1731 2120 1793 Ee·

1371 1820 1486 1882 clasiae
1498 1821 1742 1898 bugamalensis
1757 1839 1814 1884 666
1828 1821 1953 1895 666666,
1968 1840 2031 1885 una
2046 1839 2119 1886 cum

1371 1919 1501 1976 centum
1518 1921 1549 1976 61
1564 1915 1796 1992 quinquaginta
1812 1916 1955 1979 millibus
1977 1933 2034 1979 seu
2057 1918 2118 1980 alio

1369 2009 1491 2070 veriori
1528 2025 1666 2070 numero
1706 2009 1953 2071 christianornm
1989 2011 2116 2074 illarum

1371 2102 1509 2179 partium
1524 2103 1561 2164 66
1578 2101 1758 2164 6666166116
1775 2117 1850 2164 666.
1867 2102 1973 2165 fratris
1989 2104 2119 2166 666616-

1371 2195 1489 2274 6166661
1522 2195 1766 2273 nnganaiensis
1798 2197 1979 2269 recesserit,
2007 2215 2042 2259 ac
2073 2199 2118 2260 di·

1370 2289 1524 2366 gnitatem
1547 2289 1772 2368 episcopalem,
1795 2290 1915 2368 absque
1931 2291 2027 2353 buius
2043 2291 2118 2356 San-

1369 2389 1436 2444 ctae
1459 2381 1548 2444 Sedis
1576 2383 1780 2456 auctoritate,
1811 2383 1870 2445 6161
1899 2386 2116 2462 arrogaverit,

1370 2476 1543 2553 manisque
1565 2476 1731 2554 pastoralia
1765 2476 1850 2538 inter
1882 2477 2013 2540 eosdem
2036 2479 2118 2540 cbri-

1368 2572 1486 2630 stianos
1519 2567 1689 2646 illegitime
1725 2569 1930 2648 invalideque
1965 2587 2117 2634 exercere

1370 2663 1630 2741 praesumpserit,
1649 2663 1803 2726 61166666
1819 2673 2012 2743 6666666666
2030 2683 2117 2728 cum·

1369 2771 1511 2835 666666
1534 2773 1684 2819 excessus
1715 2757 1900 2820 huiusmodi
1930 2759 2113 2822 6111166666

1369 2851 1532 2912 occasione
1554 2857 1654 2912 status
1690 2851 1833 2913 eiusdem
1862 2851 2021 2916 Ecclesiae
2054 2855 2116 2916 bn·

1368 2944 1570 3022 gamalensis,
1594 2961 1666 3006 cnm
1690 2946 1830 3008 maximo
1858 2946 2114 3011 christifidelium

1367 3039 1524 3102 dictarum
1538 3037 1675 3116 partium
1693 3039 1872 3102 animarum
1884 3041 2038 3118 periculo,
2052 3041 2116 3103 ral-

1367 3133 1406 3194 de
1428 3131 1632 3210 perturbatus
1655 3133 1784 3194 existat:

1406 3228 1424 3301 ἓ
1448 3227 1475 3287 1.
1500 3226 1577 3298 Nos,
1609 3242 1666 3304 666
1695 3227 1863 3293 commissa
1892 3229 1984 3290 nobis
2006 3229 2044 3290 ab
2066 3247 2115 3291 ae-

1367 3326 1459 3382 terno
1482 3319 1611 3381 Pastore
1634 3319 1779 3403 omnium
1815 3321 2030 3384 Ecclesiarum
2053 3321 2114 3384 sol-

1365 3412 1548 3484 licitudine,
1582 3413 1792 3490 universique
1821 3414 1929 3492 gregis
1958 3415 2114 3477 Dominici

1366 3521 1473 3584 opera,
1498 3505 1734 3584 praedictorum
1756 3523 1947 3570 excessuum
1963 3508 2114 3572 16166666-

1366 3601 1484 3662 tionem
1509 3599 1587 3677 rapi,
1605 3615 1643 3661 66
1654 3600 1912 3678 perturbationes
1928 3603 2113 3665 huiusmodi

1365 3692 1513 3772 componi
1536 3701 1568 3755 et
1588 3693 1702 3763 666661,
1722 3694 2052 3773 tranquillitatemque
2071 3697 2113 3760 61-

1365 3788 1439 3849 dem
1462 3787 1622 3849 Ecclesiae
1644 3787 1783 3860 restitui,
1807 3803 1933 3851 necnon
1956 3807 2113 3854 memora-

1366 3889 1431 3942 tum
1456 3880 1610 3942 Tbomam
1635 3881 1767 3958 eiusque
1794 3897 1945 3958 sequaces
1970 3885 2112 3948 666166-

1364 3977 1436 4038 dem
1453 3975 1689 4054 archiepiscopi
1706 3975 1919 4039 obedientiam
1936 3980 2113 4044 66666166-

1365 4070 1497 4148 pientes,
1521 4087 1555 4132 ac
1577 4071 1616 4134 de
1638 4070 1779 4144 1661166,
1797 4073 1976 4148 666666116,
2001 4089 2109 4137 rerum

1362 4339 1453 4394 pirum,
1471 4350 1530 4384 cum
1546 4338 1604 4384 eius
1625 4337 1711 4392 666116,
1733 4340 1837 4396 quaudo
1852 4343 1906 4386 tarn
1924 4341 1950 4386 in
1967 4340 2062 4387 1116666
2077 4345 2110 4388 66

1362 4411 1450 4460 piantes
1466 4406 1623 4462 6666616166,
1638 4417 1717 4463 quam
1734 4407 1760 4450 in
1777 4406 1880 4451 redditu
1897 4419 1927 4452 ex
1943 4409 2041 4454 eisdem
2055 4423 2110 4468 par-

1362 4471 1433 4516 tibus
1447 4473 1479 4517 ad
1496 4485 1542 4517 nos
1557 4477 1583 4517 61
1603 4473 1671 4518 hanc
1692 4476 1814 4518 sanctam
1838 4474 1930 4518 sedem
1952 4476 1984 4520 ad
2001 4477 2056 4522 1666
2072 4489 2110 4522 re·

1361 4543 1418 4584 6166
1433 4551 1460 4583 66
1474 4539 1626 4596 6661616611,
1643 4551 1689 4597 666
1713 4543 1878 4594 6661666666
1896 4553 1942 4586 666
1957 4545 1984 4588 61
1998 4546 2107 4590 eandem
2129 4553 2134 4559 ·

1361 4607 1452 4651 Sedent
1464 4607 1613 4652 6666666116
1629 4613 1655 4651 61
1669 4608 1815 4660 666611666,
1827 4609 1858 4654 66
1870 4610 1982 4664 gloriam
1995 4612 2109 4656 nominis

1360 4674 1467 4727 6661611,
1489 4675 1629 4720 6616616616
1652 4675 1744 4728 666161,
1767 4675 1878 4727 benigne
1900 4677 2060 4733 suscipiatis,
2082 4683 2107 4722 61

1361 4741 1551 4786 fraternarum
1567 4741 1735 4786 humanitate
1749 4746 1830 4798 atque
1850 4753 1942 4788 aurore
1957 4744 2107 4790 liberaliter

1360 4809 1538 4864 pertractetis,
1552 4820 1582 4854 ac
1597 4808 1646 4866 1661
1657 4810 1766 4864 1666666
1777 4808 1885 4866 eiusque
1896 4811 1974 4856 sociis
1985 4813 2108 4858 6666661-

1360 4877 1415 4930 666,
1430 4887 1497 4932 <puae
1512 4875 1549 4920 eis
1563 4876 1700 4921 commoda
1715 4879 1740 4921 61
1756 4877 1904 4923 6666666616
1926 4879 2035 4936 luerint,
2050 4881 2109 4924 sub-

1360 4944 1479 4998 66616116,
1491 4944 1590 5000 illaque
1605 4943 1641 4988 eis
1653 4949 1773 5000 prompte
1788 4947 1813 4988 et
1825 4945 1959 5000 alacriter,
1972 4949 2107 5004 tamquam

1301 5045 1304 5052 .
1360 5011 1458 5056 bilares
1476 5012 1590 5068 datores,
1606 5023 1670 5067 quos
1685 5011 1774 5067 diligit
1797 5015 1872 5068 11666,
1888 5013 2108 5070 subministretis,

1358 5081 1384 5122 ot
1399 5078 1463 5135 ipsis
1478 5079 1549 5123 omni
1565 5089 1620 5134 666,
1635 5089 1723 5134 opera,
1738 5079 1856 5132 consilio,
1868 5091 1899 5124 ac
1914 5081 1978 5125 totis
1993 5082 2106 5138 denique

1359 5144 1458 5190 viribus
1481 5145 1584 5197 vestris,
1600 5146 1631 5190 de
1648 5145 1729 5190 libero
1745 5157 1774 5190 66
1790 5149 1849 5191 1616
1864 5146 1959 5191 1116666
1975 5151 2000 5192 61
2016 5160 2106 5204 oppor·

1359 5214 1430 5258 turris
1445 5213 1636 5258 corrrrneatibus
1651 5223 1710 5256 cum
1727 5211 1820 5258 6116616
1836 5213 2003 5269 provideatis.

1397 5285 1466 5330 erne
1477 5281 1582 5334 quidem
1596 5279 1625 5334 si,
1637 5283 1665 5323 ut
1675 5289 1822 5336 speramns,
1833 5281 1956 5334 feceritis,
1968 5293 2022 5326 rem
2034 5289 2105 5328 66616

1356 5347 1509 5392 obristianis
1526 5345 1676 5392 bominibus
1693 5347 1806 5392 maxime
1822 5348 1938 5404 dignam,
1955 5350 2029 5394 nobis
2045 5363 2106 5394 roro

1356 5419 1470 5468 gratam,
1485 5425 1515 5458 66
1530 5414 1634 5458 6161666
1649 5411 1779 5458 6161661611
1792 5415 1881 5470 666661
1894 5415 1973 5460 66616
1984 5419 2107 5474 66666116-

1356 5481 1451 5525 simam
1467 5481 1558 5525 iecisse
1573 5480 1733 5534 gaudebitis.

1338 5553 1341 5561 ·
1396 5551 1491 5594 Datum
1508 5549 1614 5601 Romae,
1629 5548 1698 5603 6666
1714 5550 1737 5592 S.
1755 5551 1872 5602 Petrum,
1892 5549 1941 5593 sub
1955 5551 2054 5595 666616
2070 5552 2107 5596 ri-

1356 5614 1475 5666 scatoris,
1490 5615 1532 5658 die
1547 5625 1601 5658 xix.
1619 5613 1734 5659 16666611
1750 5617 2046 5672 ursituv1.,pontitlcatus
2063 5630 2103 5662 66-
2166 5647 2169 5658 .

1356 5682 1406 5726 6161
1421 5693 1490 5727 6666
1506 5693 1523 5724 1.

1460 5811 1596 5821 -—---—=

593 5905 621 5958 (Ἰ
638 5905 797 5955 0666611666,
816 5906 861 5946 166.
877 5905 926 5948 611..
945 5907 1006 5945 torri.
1027 5903 1074 5948 11..
1089 5911 1158 5953 pars
1174 5903 1224 5949 IV..
1239 5911 1302 5954 666.
1318 5905 1356 5944 91.

594 5971 623 6024 (tl
640 5968 713 6022 ibid,
727 5978 785 6025 pag.
800 5970 834 6014 90.
