4756 6994
864 569 1062 617 euhemerus
1083 549 1134 616 rr.
1158 569 1223 617 xxv.

267 690 372 766 gandi,
395 707 430 752 ac
451 690 572 752 eisdem
595 698 632 752 ut
654 699 802 768 torquem
824 704 959 751 aureum
982 695 1015 750 ef

265 791 372 846 aurata
393 784 524 847 calcaria
546 793 683 862 gestare,
707 784 923 860 omnibusque
952 784 1014 862 pri-

266 879 403 957 vilegiis,
421 879 542 956 gratiis,
560 878 692 941 indultis
718 887 750 942 et
773 878 1011 956 praerogativis,

266 972 382 1050 quibus
411 971 462 1034 alii
491 973 615 1050 equites
646 972 828 1034 huiusmodi
857 977 1011 1044 utuntur,

266 1065 419 1128 fruuntur
448 1071 481 1127 et
503 1066 660 1142 gaudent,
691 1065 840 1127 similiter
861 1065 926 1136 uti,
949 1064 1012 1128 frui

267 1166 299 1220 et
325 1160 466 1236 gaudere
494 1158 638 1230 valeant,
662 1158 743 1220 circa
772 1166 878 1221 tamen
906 1173 1013 1220 exem-

267 1252 391 1330 ptiones
402 1269 417 1312 a
430 1252 513 1316 dicto
528 1251 663 1314 concilio
675 1251 825 1323 sublatas,
839 1252 1013 1314 conceden-

267 1347 299 1408 di
317 1345 511 1418 facultatem,
532 1345 720 1408 auctoritate
741 1351 774 1407 et
792 1351 904 1408 tenore
926 1361 1014 1423 prae-

268 1440 337 1502 latis
358 1439 565 1502 concedimus
587 1447 619 1502 et
633 1440 850 1517 impertimur.
870 1439 1013 1502 Necnon

268 1549 325 1612 pro
348 1533 505 1612 spirituali
529 1539 579 1594 tua
601 1533 829 1606 consolatione,
847 1541 883 1596 ut
904 1535 936 1595 in
953 1532 1015 1611 pri-

268 1635 340 1689 vato
369 1628 484 1689 domus
519 1636 608 1699 tuae,
638 1628 733 1690 etiam
761 1627 793 1688 in
822 1628 903 1688 almo
934 1627 1015 1688 urbe

195 1719 197 1722 ’
269 1727 375 1782 nostra
397 1721 569 1796 existente,
593 1721 743 1793 oratorio,
761 1722 797 1783 ad
821 1721 880 1782 hoc
902 1721 1015 1784 decen-

271 1823 318 1876 ter
334 1830 428 1876 muro
446 1821 594 1876 extructo
609 1822 642 1877 et
663 1822 775 1877 ornato
789 1829 847 1877 seu
864 1821 1015 1878 extruen-

269 1909 309 1969 do
337 1915 369 1970 et
398 1909 560 1983 ornando,
582 1910 620 1971 ab
650 1909 799 1970 omnibus
832 1910 1015 1972 domesticis

269 2001 377 2062 usibus
389 2002 503 2073 libero,
519 2018 575 2080 per
587 2002 739 2064 dilectum
752 2002 854 2064 fllium
867 2011 1013 2065 nostrum

270 2096 300 2156 in
323 2095 538 2157 eademurbe
560 2094 721 2157 llicarium
744 2096 777 2157 in
796 2097 1015 2174 spiritualibus

270 2205 379 2264 gener.
418 2191 505 2267 prius
539 2189 698 2251 visitando
731 2196 763 2251 et
793 2191 1013 2269 approbando,

269 2299 363 2344 uuam
386 2283 516 2346 missam
538 2299 595 2362 pro
617 2298 814 2360 unoquoque
836 2284 898 2356 die,
925 2284 1017 2347 dum-

269 2378 364 2440 modo
379 2377 412 2438 iu
427 2377 538 2440 eadem
555 2378 650 2439 domo
672 2377 854 2440 celebrandi
876 2378 1014 2452 licentia,

268 2485 349 2548 quae
369 2471 478 2542 adhuc¹
494 2471 590 2533 duret
614 2477 646 2532 ef
667 2470 758 2532 alteri
781 2487 930 2534 concessa
951 2489 1015 2535 non

268 2564 387 2636 fuerit,
417 2581 475 2643 per
505 2563 643 2642 teipsum
670 2564 851 2636 celebrare,
875 2581 932 2627 seu
960 2583 1017 2644 per

269 2671 507 2735 quemcumque
519 2657 718 2718 sacerdotem
731 2657 939 2736 approbatum
952 2675 1018 2720 sae-

268 2751 421 2822 cularem,
435 2766 492 2812 seu
506 2751 545 2812 de
556 2751 761 2829 superiorum
774 2767 908 2812 suorum
922 2751 1017 2814 licen·

271 2845 310 2906 tia
321 2843 518 2921 regularem,
532 2845 601 2906 sine
618 2853 724 2907 mmeu
736 2859 1018 2922 quorumcumque

270 2939 388 3000 furium
418 2939 647 3016 parochialium
675 2939 870 3017 praeiudicio
901 2957 936 3003 ac
966 2941 1018 3002 Pa·

270 3033 401 3104 schalis,
440 3032 712 3104 Resurrectionis,
749 3033 952 3098 Pentecostes
987 3041 1019 3096 et

270 3126 447 3188 Nativitatis
474 3125 601 3188 Domini
627 3126 735 3188 Nostri
757 3127 827 3189 lesu
849 3127 967 3190 Christi
989 3147 1018 3190 a·

270 3221 385 3296 liisque
408 3219 658 3282 solemnioribus
680 3221 754 3283 anni
776 3221 876 3290 festis,
894 3221 1018 3284 duobus

271 3315 422 3392 exceptis,
436 3314 468 3376 iu
484 3321 537 3376 fua
552 3331 586 3374 ac
600 3312 738 3376 familiae
754 3321 826 3376 tuae
840 3317 1018 3391 praesentia

270 3407 426 3470 celebrari
447 3408 562 3480 facere,
580 3408 681 3470 libere
704 3415 737 3470 et
759 3409 842 3472 licite
866 3410 967 3486 possis
985 3428 1019 3473 ac

270 3503 383 3564 valeas:
397 3503 438 3564 ita
452 3509 570 3574 mmen,
580 3511 616 3564 ut
628 3502 799 3566 familiares
808 3505 947 3567 servitiis
958 3507 1019 3566 tuis

270 3612 335 3658 nou
357 3597 527 3658 necessarii
549 3596 625 3659 inibi
642 3597 758 3658 missae
773 3597 957 3661 huiusmodi
972 3599 1020 3661 in-

272 3689 1018 3766 teressentesabobligationeaudiendimissam

271 3782 303 3843 in
325 3782 456 3845 ecclesia
472 3783 585 3845 diebus
607 3783 696 3846 festis
720 3785 759 3846 de
774 3793 943 3864 praecepto
963 3789 1020 3848 mi-

272 3876 359 3937 nime
380 3875 473 3938 liberi
489 3884 692 3940 censeantur.
716 3879 884 3942 Praeterea
900 3879 968 3953 tibi,
984 3891 1021 3944 ut

271 3971 467 4048 quicumque
491 3971 551 4034 loci
572 3969 770 4044 Ordinarius,
784 3972 836 4034 vel
849 3975 1020 4036 canonicus

273 4063 556 4141 metropolitanae,
591 4072 646 4126 aut
666 4065 798 4127 alterius
831 4067 1021 4130 cathedralis

272 4158 434 4230 ecclesiae,
457 4157 509 4219 vel
532 4173 667 4236 persona
689 4158 721 4220 in
743 4159 898 4236 dignitate
921 4162 1020 4223 eccle-

270 4251 391 4314 siastica
419 4251 601 4324 constituta,
625 4259 687 4314 tam
711 4253 743 4314 iu
766 4254 905 4316 Romana
926 4253 1020 4318 Curia

272 4363 366 4424 quam
389 4353 479 4408 extra
501 4361 582 4418 eam,
597 4347 633 4409 ad
655 4346 685 4408 id
709 4362 767 4424 per
790 4355 820 4409 te
842 4363 948 4410 coram
965 4366 1021 4411 uo-

272 4441 352 4503 tario
378 4440 505 4519 publico
528 4447 560 4502 et
582 4441 716 4503 testibus
738 4441 800 4503 fide
822 4441 939 4520 dignis,
965 4443 1021 4505 eli-

274 4535 397 4610 gendus
425 4535 478 4596 vel
507 4533 673 4610 eligenda,
696 4549 915 4611 quascumque
945 4552 1020 4614 pen·

273 4629 378 4690 siones
400 4645 520 4690 annuas
549 4643 646 4705 super
672 4644 859 4690 mensarum
887 4629 1021 4692 abbatia-

272 4723 363 4796 lium,
387 4739 445 4784 seu
466 4722 700 4801 capitularium,
724 4739 758 4784 ac
780 4723 1019 4802 episcopalium,

273 4834 307 4878 ae
328 4815 660 4895 archiepiscopalium,
685 4832 719 4878 ac
740 4831 1021 4895 quorumcumque

275 4911 504 4973 beneficiorum
520 4925 593 4972 cum
615 4925 689 4971 cura
706 4917 737 4970 et
758 4909 828 4972 sino
854 4927 929 4972 cura
955 4929 1021 4974 sae·

274 5004 447 5076 cularium,
472 5010 504 5065 et
525 5002 715 5082 quorumvis
737 5001 893 5066 Ordinum
918 5006 1021 5083 flegu-

275 5098 400 5169 larium,
417 5098 513 5158 etiam
535 5096 700 5175 hospitalis
723 5096 754 5158 S.
768 5097 891 5159 loannis
913 5099 1022 5168 Hiero·

273 5191 466 5271 solymitani,
491 5201 524 5254 et
545 5191 849 5268 quomodocumque
872 5199 904 5254 et
924 5193 1023 5269 quali·

275 5291 464 5362 tercumque
482 5283 748 5361 qualificatorum,
766 5284 934 5360 fructibus,
951 5287 1022 5349 red-

274 5379 392 5440 ditibus
420 5385 453 5440 et
474 5377 700 5455 proventibus,
731 5378 872 5451 iuribus,
904 5379 1022 5442 obven-

273 5471 414 5534 tionibus
439 5479 471 5533 et
492 5471 783 5544 distributionibus,
799 5473 895 5534 etiam
919 5475 1022 5551 quoti-

274 5565 385 5636 dianis,
402 5565 459 5626 tibi
479 5581 565 5626 nunc
580 5573 612 5627 et
627 5581 685 5643 pro
700 5581 830 5644 semper
844 5574 1022 5629 reservatas

274 5667 306 5720 et
330 5657 503 5735 assignatas
528 5676 562 5720 ac
583 5661 791 5722 reservandas
813 5667 845 5722 et
863 5660 1022 5738 assignan-

275 5751 338 5824 das,
363 5767 420 5830 pro
445 5768 571 5814 summa
593 5753 742 5816 videlieet
768 5755 1023 5831 quingentorum

275 5846 462 5908 ducatorum
498 5847 588 5908 aurei
622 5848 662 5909 de
697 5847 846 5922 Gamera,
883 5849 1024 5926 quando-

275 5956 413 6019 cumque
435 5941 492 6004 tibi
516 5941 670 6019 placuerit
691 5941 793 6004 semel
821 5943 872 6004 vel
902 5957 1024 6004 succes-

1069 688 1148 760 sive,
1165 689 1197 750 in
1220 695 1287 751 toto
1304 688 1355 750 vel
1371 688 1402 750 iu
1419 695 1518 767 parte,
1534 687 1629 751 etiam
1651 689 1684 751 in
1707 689 1820 750 mortis

1068 781 1219 853 articulo,
1243 797 1365 843 cassare
1387 789 1419 843 et
1440 782 1645 857 extinguere,
1667 799 1712 854 ac,
1735 789 1820 859 post-

1069 893 1163 953 quam
1186 883 1321 938 cassatae
1343 883 1376 938 ef
1397 875 1555 938 extinctae
1578 875 1714 947 luerint,
1745 876 1819 937 alias

1068 970 1189 1032 similes
1220 970 1392 1048 pensiones
1423 984 1544 1030 annuas
1573 985 1671 1047 super
1697 970 1818 1032 eisdem

1070 1063 1225 1125 fructibus
1250 1071 1282 1126 et
1307 1062 1496 1134 redditibus
1523 1064 1744 1139 proventibus,
1773 1065 1819 1124 iu·

1070 1158 1168 1224 ribus.
1197 1157 1445 1220 obventionibus
1471 1165 1503 1218 et
1527 1157 1817 1230 distributionibus,

1070 1253 1164 1314 etiam
1187 1252 1398 1329 quotidianis,
1422 1252 1583 1328 usquead
1606 1268 1764 1314 summam
1788 1259 1821 1314 et

1070 1347 1280 1424 quantitatem
1296 1347 1501 1425 praedictam,
1518 1346 1574 1408 uni
1597 1347 1650 1408 vel
1673 1345 1820 1424 pluribus

1070 1440 1137 1502 aliis
1166 1441 1320 1519 personis,
1352 1441 1447 1504 etiam
1471 1457 1528 1518 per
1552 1447 1581 1501 fe
1604 1439 1818 1510 nominandis,

1071 1545 1102 1598 et
1134 1552 1388 1614 quemcumque,
1423 1536 1650 1612 quodcumque
1684 1541 1716 1597 et
1745 1550 1821 1610 qua·

1072 1631 1251 1706 liacumque
1267 1629 1419 1692 beneficia
1442 1629 1650 1692 ecclesiastiea
1673 1627 1818 1690 obtinen-

1072 1725 1155 1786 tibus
1181 1731 1213 1785 et
1244 1723 1507 1800 expectantibus,
1537 1721 1675 1784 clericali
1704 1723 1815 1784 saltem

1071 1817 1252 1879 charactere
1274 1816 1435 1893 insignitis
1459 1831 1516 1878 seu
1539 1815 1608 1876 aliis
1628 1819 1819 1894 pensionum

1073 1911 1256 1973 huiusmodi
1278 1910 1460 1989 capacibus,
1484 1910 1579 1970 etiam
1606 1911 1708 1986 quoad
1731 1911 1820 1970 vixe-

1073 2005 1146 2076 rint,
1172 2005 1224 2066 vel
1247 2019 1360 2065 eorum
1384 2002 1537 2080 legitimis
1560 2004 1821 2081 procuratoribus

1071 2100 1106 2160 ad
1124 2098 1244 2161 idalias
1263 2096 1400 2176 speciale
1416 2097 1601 2160 mandatum
1617 2097 1819 2171 habentibus,

1072 2192 1192 2253 eisdem
1205 2191 1300 2253 modo
1313 2199 1345 2254 et
1356 2190 1469 2263 forma,
1480 2190 1596 2267 quihus
1609 2191 1664 2252 tibi
1679 2206 1821 2252 reserva-

1074 2293 1120 2346 tae
1134 2292 1165 2346 et
1177 2285 1353 2361 assignatae
1365 2284 1496 2356 luerint,
1509 2284 1602 2346 etiam
1616 2284 1737 2360 absque
1749 2301 1822 2346 con-

1072 2378 1821 2456 seusupensioneseasdemsolveredebenfium

1073 2473 1211 2551 desuper
1225 2473 1415 2550 praestando
1428 2472 1480 2534 vel
1496 2471 1704 2548 requirendo,
1717 2487 1821 2550 usque

1072 2566 1109 2627 ad
1121 2581 1280 2626 summam
1296 2572 1329 2626 et
1339 2565 1547 2642 quantitatem
1562 2565 1766 2642 praedictam,
1776 2572 1820 2626 et-

1074 2659 1134 2720 iarn
1157 2659 1257 2721 literis
1282 2657 1461 2736 apostolicis
1480 2674 1578 2737 super
1595 2661 1821 2722 reservationi-

1075 2752 1132 2814 bus
1145 2759 1177 2813 et
1190 2753 1457 2829 assignationibus
1473 2753 1656 2815 huiusmodi
1672 2771 1736 2816 nou
1748 2771 1822 2816 con·

1075 2845 1175 2918 lectis,
1187 2854 1219 2907 et
1229 2845 1315 2917 alias,
1325 2862 1398 2907 oum
1413 2846 1561 2908 omnibus
1574 2855 1606 2908 et
1617 2848 1823 2924 quibuscum-

1074 2954 1137 3016 que
1152 2938 1410 3016 exemptionibus
1426 2947 1458 3001 ef
1470 2939 1659 3018 privilegiis,
1674 2942 1821 3014 decretis

1074 3033 1222 3096 clausulis
1249 3040 1280 3094 et
1301 3032 1547 3106 conditionibus,
1572 3035 1720 3106 vinculis,
1745 3035 1823 3097 obli-

1075 3127 1272 3206 gationibus,
1303 3125 1433 3188 cautelis
1461 3133 1494 3188 et
1521 3128 1665 3190 censuris
1694 3145 1728 3190 ac
1750 3145 1822 3207 poe-

1076 3223 1123 3284 uis
1151 3223 1184 3283 in
1217 3221 1376 3300 prioribus
1407 3222 1680 3285 reservationibus
1713 3223 1824 3286 huius·

1076 3315 1160 3376 modi
1192 3313 1350 3376 concessis
1373 3319 1405 3375 et
1425 3315 1582 3376 contentis
1603 3315 1731 3392 integre
1753 3331 1824 3393 per-

1074 3409 1212 3480 solven,
1228 3415 1352 3468 servata
1376 3415 1482 3469 tamen
1504 3405 1606 3469 forma
1625 3410 1824 3472 constitutio-

1076 3505 1123 3564 nis
1145 3503 1199 3566 fel.
1221 3519 1285 3565 reo.
1302 3502 1478 3564 innocentii
1494 3501 1550 3564 PP.
1568 3501 1618 3564 Xl.
1640 3505 1824 3581 praedeces·

1074 3599 1154 3660 soris
1176 3596 1278 3659 nostri
1293 3610 1391 3673 super
1406 3595 1613 3658 translatione
1631 3599 1823 3675 pensionum
1893 3637 1896 3644 ·

1075 3692 1188 3762 editae,
1202 3705 1381 3760 reservare,
1396 3689 1593 3753 constituere
1609 3697 1641 3752 et
1661 3693 1824 3770 assignare

1077 3787 1190 3858 valeas,
1208 3785 1329 3847 eisdem
1353 3784 1496 3846 modoet
1518 3785 1619 3848 forma
1635 3787 1674 3848 de
1696 3787 1824 3865 speciali

1076 3881 1174 3957 gratia
1187 3877 1407 3956 indulgemus3
1426 3894 1486 3940 nec
1502 3895 1566 3942 non
1583 3880 1639 3942 tibi
1651 3880 1734 3942 ultra
1749 3881 1825 3943 alias

1076 3988 1293 4050 quascumque
1305 3971 1469 4034 facultates
1484 3973 1539 4034 tibi
1551 3981 1782 4052 competentes,
1794 3983 1826 4038 et

1076 4065 1115 4128 de
1132 4066 1281 4127 omnibus
1299 4071 1331 4126 et
1346 4063 1482 4141 singulis
1502 4065 1660 4138 domibus,
1676 4069 1823 4146 praediis,

1077 4159 1341 4238 possessionibus,
1361 4158 1453 4220 terris
1481 4165 1512 4220 et
1536 4160 1613 4222 locis
1635 4161 1825 4225 iurisdictio-

1077 4252 1201 4314 nalibus
1222 4253 1404 4328 ceterisque
1426 4251 1516 4312 bouis
1534 4252 1705 4314 mobilibus
1721 4260 1753 4315 et
1767 4254 1825 4316 im-

1078 4346 1266 4418 mobilibus,
1297 4361 1378 4422 quae
1409 4352 1515 4407 tamen
1542 4362 1607 4408 non
1633 4348 1697 4408 sint
1717 4347 1824 4410 altaris

1077 4458 1133 4504 seu
1158 4439 1307 4503 altarium
1338 4440 1393 4502 tibi
1422 4455 1480 4518 pro
1502 4446 1648 4518 tempore
1677 4443 1825 4506 commis-

1077 4551 1198 4608 sorum,
1226 4551 1284 4597 seu
1312 4534 1445 4596 alicuius
1473 4549 1588 4596 eorum
1610 4535 1737 4612 speciali
1760 4553 1824 4599 ser-

1077 4631 1155 4692 vitio
1170 4630 1223 4692 vel
1240 4629 1430 4700 ministerio,
1444 4635 1498 4690 aut
1512 4629 1586 4692 alias
1599 4628 1708 4691 divino
1724 4630 1823 4694 cultui

1079 4723 1128 4785 vel
1147 4723 1218 4784 usui
1241 4723 1340 4784 dicata
1354 4721 1407 4784 vel
1428 4722 1465 4784 ad
1488 4721 1557 4783 eius
1572 4738 1667 4784 usum
1682 4723 1824 4786 confecta

1076 4832 1176 4893 seque
1207 4816 1413 4878 moventibus
1441 4815 1673 4894 cuiuscumque
1701 4819 1824 4894 quanti-

1078 4911 1165 4983 tatis,
1197 4909 1375 4987 qualitatis,
1397 4909 1532 4982 valoris,
1560 4911 1678 4988 speciei
1700 4917 1732 4973 et
1754 4927 1826 4974 con-

1077 5004 1206 5066 ditionis
1239 5003 1425 5075 existentis,
1460 5020 1495 5064 ac
1516 5004 1640 5066 iuribus
1673 5012 1705 5067 et
1732 5005 1826 5068 actio·

1078 5097 1171 5160 nibus
1207 5099 1244 5160 ad
1281 5105 1311 5160 te
1347 5097 1471 5158 ratione
1507 5097 1724 5175 patriarchalis
1753 5099 1827 5162 Cili-

1078 5192 1142 5254 ciae
1170 5190 1410 5262 Armenorum,
1445 5190 1495 5252 oui
1524 5206 1657 5268 praece,
1688 5198 1721 5254 et
1752 5206 1826 5269 qua·

1078 5301 1292 5360 rumoumque
1315 5285 1449 5347 aliarum
1471 5284 1701 5346 cathedralium
1730 5286 1825 5348 etiam

1079 5378 1399 5456 metropolitanarum
1411 5385 1444 5440 et
1455 5378 1711 5456 patriarchalium
1726 5379 1826 5442 ecele-

1077 5472 1208 5545 siarum,
1226 5473 1263 5534 ad
1283 5487 1364 5548 quas
1386 5471 1492 5533 forsan
1515 5473 1664 5551 deinceps
1681 5480 1710 5536 te
1726 5479 1826 5535 trans-

1079 5565 1171 5638 ferri,
1203 5572 1235 5627 et
1257 5566 1374 5643 quibus
1403 5573 1434 5628 te
1463 5580 1613 5644 praeesse
1638 5566 1824 5643 contigerit,

1079 5675 1223 5721 necnon
1247 5658 1529 5731 monasteriorum,
1553 5659 1764 5738 prioratuum,
1782 5660 1827 5722 di-

1079 5753 1237 5829 gnitatnm
1257 5761 1289 5816 et
1310 5753 1446 5816 aliorum
1470 5767 1752 5831 quorumcumque
1774 5753 1827 5816 be·

1079 5847 1269 5909 neflciorum
1293 5847 1580 5909 ecclesiasticorum
1607 5863 1679 5909 oum
1702 5863 1775 5910 cura
1796 5855 1828 5910 et

1078 5941 1149 6003 sine
1161 5957 1248 6016 cura,
1262 5942 1473 6004 saecularium
1489 5949 1522 6004 et
1537 5943 1728 6018 quorumvis
1739 5941 1828 6004 Ordi-

1743 551 1801 616 tcto
1858 549 2034 610 tinnites
