4756 6994
88 1299 118 1352 tn
128 1291 148 1345 t.
160 1287 218 1344 titt

729 907 1049 988 atneptctus
1080 907 1208 986 ΡΑΡΑ
1238 909 1335 990 ΧΙΙΙ.

616 1281 640 1344 l.

255 1469 387 1532 irritam
418 1475 447 1531 et
478 1468 626 1532 illicitam
653 1469 797 1531 declarat
822 1469 1002 1530 electionem

292 1569 322 1624 et
356 1563 625 1625 consecrationem
661 1560 800 1624 Cornelii
832 1561 1002 1624 Steenuncn

289 1657 327 1718 in
355 1656 409 1736 llp.
437 1654 681 1718 Ultraiectinnm
705 1655 740 1716 in
763 1655 879 1735 Belpio.

340 1841 465 1908 Dilectis
488 1841 561 1908 litiis
583 1841 734 1908 universis
757 1842 916 1910 catholicis

308 1937 336 2002 in
359 1933 530 2002 foederato
553 1932 658 2018 Bclpin
680 1938 949 2012 commorantibus,

414 2118 658 2188 statuimus
683 2122 744 2189 ΡΡ.
769 2118 840 2188 ttttt.

528 2311 637 2377 bttectt
662 2311 730 2388 liiii,

285 2405 415 2470 salutem
437 2411 469 2470 et
491 2405 690 2486 apostolicam
715 2406 967 2472 benedictionem.

290 2593 355 2666 Qua
377 2593 594 2654 sollicitudine
615 2593 651 2654 ad
674 2593 853 2654 animarum
884 2603 1003 2656 vestra-

249 2704 324 2750 rum
348 2688 484 2748 salutem
503 2686 581 2748 llaec
597 2685 707 2748 Sancta
724 2687 822 2763 Sedes
837 2689 1000 2765 silvigilet,

249 2797 358 2858 unove
379 2781 485 2842 studio
508 2789 599 2843 curet
620 2787 652 2842 et
678 2781 808 2852 nitatur,
833 2789 868 2844 ut
892 2785 1003 2844 adver-

248 2891 306 2936 sus
327 2875 456 2936 insidias
479 2874 595 2936 diaboli
617 2874 705 2936 nulla
721 2874 940 2936 vobis'desinl
957 2893 1003 2936 sa-

250 2984 311 3028 nae
334 2967 507 3036 doctrinae,
531 2967 675 3028 salutaris
698 2967 882 3045 disciplinae
905 2976 938 3030 et
958 2970 1004 3029 vi-

250 3061 402 3137 gilantiae
425 3060 590 3138 pastoralis
606 3062 771 3138 praesidia,
789 3063 850 3124 iam
870 3063 1003 3124 assiduis

251 3155 406 3216 bactanus
441 3155 641 3230 arguissentis
677 3155 878 3231 exploratum
913 3157 1003 3218 vobis

249 3264 324 3309 csse
347 3265 410 3309 non
434 3249 628 3310 dubitamus.
653 3247 734 3314 llaec
750 3250 815 3328 ipsa
828 3258 932 3312 tamen
950 3251 1003 3312 do-

250 3341 331 3402 loris
354 3343 517 3414 acerbitas,
551 3358 613 3419 qua
643 3342 780 3418 gemitus
810 3351 937 3406 nostros
966 3345 1002 3407 ad

250 3449 310 3496 vos
337 3433 476 3506 deterre,
505 3435 730 3512 moerorisque
752 3453 859 3498 causas
882 3437 1003 3499 iteratis

249 3531 431 3602 questubus
453 3529 619 3606 replicare,
644 3535 676 3590 et
705 3529 888 3592 recentibus
916 3547 1003 3592 scan-

250 3621 331 3684 dalis
365 3622 491 3684 obviam
524 3623 571 3686 ire
602 3623 846 3700 compellimur,
882 3641 1002 3689 novum

251 3716 343 3776 vobis
366 3733 425 3778 nec
448 3717 619 3779 obscurum
644 3733 714 3778 esse
736 3718 832 3780 debet
854 3729 1004 3796 paternae

250 3817 380 3870 nostrae
402 3811 540 3872 caritatis
562 3811 794 3873 testimonium.
818 3811 924 3875 Nostis
952 3832 1004 3877 au·

252 3911 332 3974 tem,
362 3903 467 3965 dilecti
498 3903 565 3975 lllii,
593 3906 709 3981 quibus
735 3906 856 3968 artibus
890 3923 1003 3986 pravae

250 3998 416 4060 doctrinae
437 3998 559 4060 semina
581 4013 734 4074 spargere
750 4000 920 4063 molientes
943 4004 1004 4066 dis-

248 4091 410 4152 sensionis
440 4091 507 4164 lilii,
540 4109 603 4156 non
632 4093 738 4154 solum
768 4095 922 4158 catholico
950 4113 1004 4160 no-

250 4183 352 4256 mine,
376 4184 430 4246 sed
465 4185 670 4262 pastoralium
700 4187 794 4248 etiam
829 4204 1002 4251 munerum

250 4279 381 4340 inducta
404 4278 500 4349 larva,
519 4285 551 4340 et
569 4279 712 4341 conllctis
728 4281 930 4344 ecclesiastici
946 4285 1004 4344 mi-

251 4370 379 4432 nisterii
415 4371 516 4432 titulis
548 4373 727 4445 abutentes,
760 4376 797 4436 ad
823 4377 1002 4439 animarum

250 4481 363 4526 curam
384 4472 416 4526 et
437 4473 633 4528 sacramenta
648 4467 896 4531 administranda
912 4471 1003 4532 obre-

252 4573 333 4636 pere
354 4567 407 4619 aut
428 4557 611 4635 irrumpere
635 4561 839 4623 tentaverint.
865 4562 924 4625 Sed
952 4581 1002 4625 su-

252 4652 365 4728 perbia
387 4667 513 4723 corum,
538 4667 618 4728 quae
639 4655 782 4716 ascendit
801 4672 939 4734 semper,
965 4674 1003 4719 eo

252 4745 386 4806 demum
410 4745 599 4806 temeritatis
625 4747 736 4818 evasit,
761 4755 806 4820 ut,
835 4757 1002 4826 postquam

251 4845 414 4915 aseptem
445 4839 579 4908 clericis,
610 4839 665 4916 qui
693 4842 918 4904 canonicorum
949 4859 1003 4905 no-

253 4949 330 4994 meu
353 4931 507 4993 iactabant
528 4931 725 4994 Ultraiectini
755 4935 882 5012 capituli
904 4935 1003 5015 (quod

253 5027 316 5087 iam
340 5033 412 5088 ante
434 5042 533 5086 annos
556 5026 593 5087 ab
609 5026 682 5088 binc
698 5027 806 5105 plures
822 5045 915 5107 supra
932 5047 1003 5092 cen·

254 5127 325 5181 tum
346 5117 522 5196 intercidit)
543 5135 712 5197 perperam
734 5139 768 5183 ac
784 5129 906 5185 temere
926 5123 1004 5185 lacta

252 5213 317 5274 luit
335 5213 385 5274 die
404 5227 504 5274 xxvn.
523 5213 640 5274 mensis
656 5213 763 5291 aprilis
779 5231 805 5275 3.
821 5231 1002 5278 nnccxmu.

253 5306 372 5368 electio
404 5305 545 5367 Cornelii
575 5305 769 5378 Steenoven,
800 5309 1004 5372 turbulentae

254 5399 401 5461 factionis
422 5399 621 5474 antesignani
635 5406 677 5460 'et
698 5400 917 5462 ecclesiasticis
932 5419 1004 5464 een-

252 5493 338 5554 suris
361 5493 514 5564 obstricti,
542 5491 574 5554 in
598 5493 880 5572 Arcbiepiscopunt
904 5495 1004 5558 Ultra-

254 5587 422 5658 iectinum,
446 5601 638 5663 quamquam
662 5587 699 5648 ab
722 5587 778 5648 bac
796 5586 906 5650 Sancta
924 5589 1005 5652 Sede

254 5681 407 5741 reiectam
438 5679 597 5741 eiusmodi
629 5680 821 5742 electionem
854 5691 942 5744 certo
974 5691 1006 5745 el

255 5774 358 5850 palam
384 5773 598 5844 rescivissent,
622 5775 806 5837 curaverint
832 5783 937 5837 lamen
963 5784 1007 5838 at-

255 5883 320 5943 que
342 5865 520 5938 effecerint,
537 5873 572 5928 nt
594 5867 699 5930 eidem
719 5867 870 5930 Cornelio
886 5869 936 5930 dic
953 5885 1003 5929 nv.

256 5961 377 6022 mensis
401 5961 539 6022 octobris
561 5979 817 6035 annocentia,
838 5963 1007 6042 apostolica

364 6117 422 6157 lnr.
438 6115 514 6155 l'ont.
529 6115 561 6155 cle
578 6115 655 6164 l’rop.
672 6115 733 6155 lttar
749 6111 833 6155 l’aulis
849 6115 865 6154 l.
882 6111 935 6154 Vol.
953 6114 1003 6154 till.

1055 1282 1243 1344 auctoritate
1274 1289 1307 1344 et
1338 1299 1500 1345 sacrorum
1533 1282 1698 1344 Canonum
1732 1297 1805 1342 oon·
1843 1284 2021 1340 3331733

1057 1377 1187 1453 templis
1210 1377 1349 1454 regulis,
1374 1393 1431 1454 per
1454 1377 1673 1438 detestabilem
1697 1391 1731 1436 ac
1759 1391 1805 1435 sa-

1057 1468 1216 1546 orilegam¹
1239 1487 1392 1531 manuum
1417 1470 1655 1547 impositionem
1686 1469 1806 1546 episco-

1058 1563 1134 1639 palis
1157 1564 1403 1626 consecrationis
1421 1580 1538 1626 munus
1553 1555 1745 1625 traderetur.
1759 1559 1806 1622 Ne

1057 1663 1161 1717 autem
1186 1655 1389 1718 lactiosorunt
1413 1667 1544 1718 conatus
1565 1655 1629 1717 ulla
1652 1654 1806 1732 pravitate

1056 1757 1216 1821 vacarent,
1240 1751 1438 1814 coutsccratio
1460 1756 1585 1827 peracta
1600 1755 1649 1811 est
1671 1747 1806 1809 3113311-

1058 1845 1128 1905 nico
1152 1845 1245 1905 llario
1268 1843 1377 1906 Varlet
1405 1844 1562 1921 Episcopo
1593 1839 1806 1919 babylonensi

1056 1937 1120 1998 iam
1143 1937 1181 1999 ab
1203 1939 1357 2000 exercitio
1379 1937 1565 2015 episcopalis
1589 1935 1709 1998 ordinis
1739 1950 1806 1993 sus-

1058 2047 1168 2107 penso,
1193 2031 1262 2092 eius
1285 2033 1496 2108 suspensione
1518 2047 1576 2108 per
1595 2029 1704 2091 literas
1726 2027 1805 2088 sacri

1057 2123 1272 2186 Cardinalium
1296 2125 1431 2202 Collegii
1454 2124 1534 2201 apud
1558 2139 1615 2184 vos
1638 2123 1721 2200 typis
1749 2120 1806 2181 im-

1057 2233 1182 2294 pressas
1204 2217 1330 2294 publice
1353 2218 1561 2292 denunciata3
1585 2217 1639 2277 sed
1663 2216 1698 2276 ad
1731 2215 1807 2274 baec

1057 2311 1131 2372 inde
1153 2311 1247 2372 ctiam
1264 2311 1412 2373 cumulus
1429 2309 1648 2388 perversitatis
1664 2307 1806 2376 accessit,

1058 2405 1141 2480 quod
1165 2413 1362 2466 memoratus
1374 2405 1548 2484 Episcopus
1564 2401 1804 2480 Babylonensis,

1057 2499 1191 2560 minime
1219 2499 1440 2560 assistentibus
1470 2515 1508 2560 ex
1538 2497 1732 2576 praescripto
1761 2510 1807 2554 33-

1058 2609 1187 2653 crorum
1210 2591 1376 2654 Canopum
1400 2591 1524 2654 duobus
1547 2590 1615 2652 aliis
1631 2589 1805 2666 Episcopis,

1058 2686 1210 2762 nullaque
1232 2687 1402 2764 apostolica
1432 2685 1668 2762 dispensatione
1697 2680 1808 2743 suliul-

1061 2789 1120 2851 tus,
1145 2779 1232 2840 solus
1255 2780 1449 2840 antedictum
1480 2777 1667 2840 Cornelium
1698 2791 1807 2837 corusc-

1058 2889 1262 2935 crare·ausus
1284 2873 1391 2935 luerit.
1415 2873 1457 2934 111
1478 2873 1577 2949 igitur
1599 2887 1656 2948 pro
1680 2875 1807 2930 nostrae

1058 2967 1224 3028 servitutis
1242 2967 1343 3028 allicio
1361 2973 1539 3044 opportuna
1555 2964 1696 3026 uemedin
1715 2963 1807 3024 133113

1058 3060 1212 3122 scandalis
1235 3060 1452 3132 adhibeamus,
1477 3060 1663 3120 auctoritate
1685 3064 1808 3134 aposto-

1059 3155 1115 3216 lica
1149 3161 1261 3216 tenore
1291 3155 1508 3230 praesentium
1541 3152 1745 3214 ‹lacernimus
1777 3157 1809 3210 et

1059 3247 1266 3318 declaramus,
1286 3254 1346 3308 tam
1364 3246 1556 3308 electionem
1573 3246 1715 3306 eiusdem
1732 3243 1809 3306 Cor-

1059 3341 1135 3403 nelii
1170 3343 1202 3402 in
1239 3341 1524 3419 Arcltiepiscopum
1562 3332 1805 3402 Ultraiectinum

1058 3437 1156 3498 inisse
1178 3436 1303 3497 irritam
1332 3452 1365 3496 ac
1388 3451 1518 3512 prorsus
1541 3434 1680 3504 nullam,
1712 3449 1806 3510 qulam

1058 3529 1126 3591 eins
1148 3529 1420 3592 consecrationem
1444 3526 1542 3588 luisse
1564 3528 1696 3588 antonino
1718 3527 1808 3589 illici-

1059 3629 1122 3686 tam
1145 3632 1177 3685 31
1205 3623 1436 3696 execrandam3
1470 3639 1503 3683 33
1535 3623 1670 3706 proinde
1702 3623 1806 3698 ipsum

1059 3729 1182 3781 temere
1202 3717 1356 3793 nulloque
1373 3717 1443 3777 iure
1465 3715 1603 3777 electum
1620 3714 1805 3776 Cornelium

1059 3811 1146 3873 cunni
1181 3809 1392 3872 ecclesiastica
1428 3816 1460 3871 et
1493 3808 1650 3886 spirituali
1683 3809 1809 3869 iurisdi-

1058 3906 1163 3968 ctione
1196 3921 1254 3983 pro
1280 3905 1459 3966 animarum
1495 3903 1655 3980 regimine
1686 3919 1807 3975 carere,

1057 4009 1152 4076 atque
1174 3999 1283 4061 illicite
1306 4004 1526 4060 consecratum
1550 3997 1587 4058 ab
1610 3999 1808 4058 333313333-

1057 4095 1131 4155 citio
1153 4091 1338 4170 episcopalis
1362 4091 1482 4154 ordinis
1506 4107 1575 4152 esse
1602 4107 1806 4168 suspensum.

1059 4188 1240 4250 blandamus
1274 4193 1442 4264 propterea
1472 4185 1681 4261 districteque
1710 4185 1808 4246 inter-

1058 4282 1193 4344 dicimus
1226 4287 1404 4342 memorato
1436 4279 1587 4342 Cornelio
1616 4279 1675 4340 snb
1708 4295 1809 4357 poena

1057 4373 1407 4444 excommunicationis,
1437 4373 1507 4451 ipso
1536 4371 1627 4446 lacto,
1651 4375 1721 4436 sine
1751 4374 1809 4436 alin

1058 4468 1282 4540 declaratione,
1306 4467 1530 4539 incurrendae,
1562 4484 1602 4528 ne
1624 4469 1738 4530 autleat
1760 4485 1809 4545 pa·

1058 4570 1172 4630 stores,
1198 4560 1428 4632 missionarios,
1453 4561 1629 4632 ministros,
1653 4567 1706 4622 aut
1732 4561 1809 4623 alios

1058 4671 1264 4733 quocumque
1286 4653 1418 4715 nomine
1433 4661 1673 4731 nuncupentur,
1693 4655 1728 4716 ad
1745 4656 1809 4716 ani-

1059 4765 1184 4809 marum
1213 4763 1320 4808 curam
1352 4755 1384 4808 31
1406 4745 1686 4810 sacramentorum
1712 4749 1809 4808 admi-

1059 4843 1299 4912 nistrationem,
1335 4841 1449 4918 quovis
1481 4840 1574 4902 etiam
1613 4842 1809 4902 necessitatis

1059 4942 1237 5014 praetextu,
1255 4935 1453 4996 constituere
1470 4951 1503 4995 33
1519 4937 1683 5012 deputare.
1707 4934 1809 4997 Simul

1059 5031 1154 5092 etiam
1177 5028 1279 5107 palam
1303 5029 1458 5090 edicimus
1480 5037 1511 5090 et
1540 5029 1752 5102 declaramus,
1778 5049 1809 5093 o·

1060 5139 1150 5185 mnes
1174 5129 1206 5183 et
1220 5123 1361 5199 singulas
1378 5123 1612 5200 praedictorum
1630 5125 1807 5186 officiorum

1058 5217 1280 5294 deputationes
1292 5231 1350 5294 pro
1362 5217 1540 5278 animarum
1552 5217 1809 5296 regiminequo-

1058 5325 1197 5387 cumque
1221 5310 1351 5371 nomine
1367 5309 1461 5383 lactas
1476 5318 1530 5372 aut
1546 5311 1679 5373 13313333
1695 5313 1809 5375 lacien-

1059 5403 1123 5472 das,
1148 5419 1220 5464 cum
1244 5403 1393 5466 omnibus
1416 5405 1490 5466 inde
1517 5406 1646 5477 secutis,
1677 5422 1809 5484 prorsus

1059 5497 1164 5557 irritas
1180 5513 1249 5558 esse
1268 5513 1302 5558 33
1318 5497 1438 5559 3311133
1458 5499 1583 5560 roboris
1596 5508 1628 5560 et
1640 5500 1806 5561 momenti.

1059 5590 1182 5652 Rursus
1199 5591 1305 5652 eidem
1321 5591 1471 5654 Cornelio
1489 5593 1700 5670 praecipimus
1717 5601 1748 5654 et
1763 5593 1808 5652 in-

1060 5685 1219 5756 hibemus,
1244 5701 1284 5746 ne
1306 5685 1366 5746 sub
1388 5686 1484 5746 simili
1508 5686 1809 5747 excommunicatio-

1061 5778 1110 5838 nis
1143 5793 1242 5855 poena
1274 5779 1387 5839 audeat
1420 5778 1530 5839 illicite
1568 5778 1807 5840 Sacramentum

1060 5869 1321 5932 Confirmationis
1344 5879 1397 5932 aut
1417 5869 1551 5932 Ordines
1574 5871 1733 5942 conterre,
1757 5879 1810 5934 nul

1062 5979 1193 6041 quoquo
1230 5972 1319 6042 pacto
1351 5965 1497 6025 ordinem
1530 5965 1761 6043 episcopalem,
1794 5983 1808 6024 a

1683 6115 1704 6154 lt
