4756 6994
319 597 370 654 An.
384 598 411 654 C.
427 597 496 654 1758
553 597 611 661 148

571 735 696 798 Interea
710 736 875 814 temporis,
894 749 1007 797 manus
1023 741 1147 798 nostras
1163 735 1196 796 in
1211 751 1278 798 cae-

532 829 600 890 lum
633 828 812 891 levantibus
844 827 935 891 nobis
968 835 1000 890 31
1031 829 1064 890 13
1098 828 1278 890 humilitate

532 922 636 984 cordis
659 921 761 984 nostri
782 929 945 1000 speratum
967 921 1116 984 solatium
1139 929 1278 1000 praesto·

532 1015 685 1088 lantibus,
715 1015 800 1078 Deus
830 1016 926 1077 totius
955 1014 1199 1088 consolationis
1223 1017 1277 1092 331

531 1110 713 1173 3333313133
743 1126 801 1172 333
822 1109 855 1170 13
877 1109 965 1170 omni
995 1107 1201 1170 tribulatione
1223 1125 1278 1170 no·

531 1209 606 1276 stra,
631 1204 783 1280 gaudium
805 1209 952 1264 nostrum
975 1201 1141 1264 cumulare
1170 1203 1278 1280 digna-

532 1306 583 1359 tus
614 1305 673 1359 est.
707 1295 882 1360 Luculente
911 1297 997 1358 enim
1030 1296 1154 1359 debitae
1186 1296 1278 1359 nobis

531 1395 626 1466 atque
648 1390 722 1452 huic
752 1388 883 1452 Sanctae
912 1389 986 1452 Sedi
1008 1390 1208 1470 obedientiae
1236 1397 1278 1453 te-

531 1481 679 1544 stimonia
702 1490 734 1545 et
754 1483 897 1560 legitima
913 1483 1059 1544 omnium
1081 1490 1229 1546 vestrum
1245 1484 1277 1546 in

531 1573 766 1654 subscriptione
781 1577 951 1638 memorati
967 1577 1086 1639 decreti
1103 1579 1277 1642 documen·

531 1673 561 1727 ta
588 1685 605 1729 a
628 1668 718 1732 nobis
750 1677 881 1748 excepta
914 1670 992 1732 adeo
1024 1670 1279 1734 laetificaverunt

531 1777 587 1824 cor
608 1770 767 1836 nostrum,
790 1770 827 1825 ut
848 1779 955 1841 neque
977 1779 1035 1842 pro
1054 1763 1191 1826 laetitiae
1214 1781 1278 1826 ma-

532 1854 701 1934 gnitudine
722 1873 738 1916 a
760 1856 898 1918 lacrimis
924 1863 1198 1934 temperaremus,
1223 1873 1278 1920 no-

532 1963 595 2024 que
616 1965 632 2010 a
653 1948 852 2013 celebrandis
874 1957 943 2012 tum
966 1949 1202 2012 fraternitatum
1223 1966 1277 2014 ve-

531 2047 692 2115 strarum,
722 2051 791 2106 tum
824 2045 1101 2107 missionaricrum
1132 2045 1276 2107 omnium

493 2189 497 2196 .
533 2137 656 2198 meritis
677 2137 824 2200 laudibus
850 2139 1166 2216 conquiesceremus.
1196 2139 1277 2213 Quo-

532 2229 615 2292 niam
632 2237 739 2292 autem
754 2232 866 2294 caritas
882 2231 1001 2294 Christi
1022 2239 1120 2310 urget
1134 2249 1204 2306 nos,
1222 2233 1276 2310 qui

531 2323 611 2386 nihil
634 2333 780 2404 optamus
802 2327 989 2405 impensius,
1014 2327 1094 2389 nihil
1116 2327 1276 2390 sollicitio-

531 2435 584 2480 res
606 2435 663 2482 nos
686 2419 772 2492 facit,
796 2436 892 2498 quam
913 2427 949 2482 ut
978 2421 1083 2483 omnia
1114 2427 1219 2483 vestra
1243 2423 1276 2484 in

530 2513 660 2574 caritate
681 2514 768 2588 fiant,
786 2521 818 2576 et
838 2515 899 2576 boc
918 2515 1021 2576 enixis
1042 2515 1189 2592 precibus
1209 2531 1276 2578 ora-

531 2623 614 2680 mus,
638 2613 674 2669 ut
697 2608 808 2670 caritas
839 2613 947 2670 vestra
978 2607 1080 2682 magis
1110 2625 1144 2670 ac
1176 2609 1276 2686 magis

529 2701 671 2765 abundet
690 2702 723 2763 in
745 2702 877 2764 scientia
898 2709 931 2764 et
952 2703 984 2764 in
1008 2702 1096 2792 omni
1115 2719 1224 2775 sensu,
1242 2709 1278 2765 nt

530 2795 671 2874 probetis
693 2796 827 2873 potiora,
851 2803 887 2858 ut
908 2795 975 2858 sitis
998 2797 1116 2858 sinceri
1141 2795 1277 2859 313331-

529 2888 618 2951 fensa
638 2889 672 2952 13
694 2889 779 2952 diem
801 2889 931 2962 dimisti,
949 2891 1039 2952 cuius
1061 2889 1159 2952 lactus
1181 2897 1230 2953 est
1244 2892 1277 2953 in

530 2999 604 3062 pace
619 2981 707 3046 locus
723 2982 803 3055 eius,
820 2983 972 3060 rogemus
989 2991 1022 3046 31
1036 2983 1214 3056 hortamur,
1228 2993 1274 3060 ut,

529 3078 626 3155 digne
647 3076 848 3139 ambulantes
876 3078 1064 3150 vocatione,
1088 3093 1149 3156 qua
1174 3080 1275 3142 vocati

529 3171 617 3243 estis,
635 3177 667 3233 et
682 3177 908 3250 supportantes
930 3171 1069 3233 invicem
1085 3172 1118 3233 in
1133 3171 1274 3246 caritate,

529 3262 656 3326 solliciti
678 3264 813 3326 servetis
835 3264 990 3326 unitatem
1013 3265 1143 3343 spiritus
1159 3265 1192 3327 in
1208 3266 1276 3328 313-

529 3357 601 3419 3313
613 3357 707 3435 33313.
727 3357 769 3419 113
785 3357 872 3418 33133
888 3357 1005 3419 factum
1021 3358 1059 3420 iri
1072 3359 1274 3432 confidimus,

529 3457 574 3524 ut,
590 3451 676 3514 omni
689 3451 984 3530 perturbationibus
996 3452 1164 3530 praecluso
1176 3453 1274 3527 aditu,

529 3544 746 3608 manifestiora
764 3545 961 3622 sapientibus
984 3551 1016 3606 et
1037 3546 1274 3624 insipientibus,

528 3639 645 3717 quibus
667 3638 830 3700 debitores
852 3653 975 3710 sumus,
1000 3637 1078 3700 facta
1099 3655 1157 3717 per
1180 3656 1276 3703 omne

528 3741 657 3811 tempus
678 3733 948 3794 commendentur
963 3739 1089 3794 vestrae
1106 3749 1182 3810 erga
1204 3751 1275 3813 apo-

527 3825 636 3888 3131133
658 3825 803 3887 mandata
825 3831 856 3887 et
880 3834 1044 3904 praecepta
1059 3827 1275 3906 paratissimae

528 3919 748 3982 observantiae
778 3917 1044 3996 obedientiaeque
1072 3927 1273 3997 argumenta.

527 4013 611 4088 Quae
633 4013 764 4090 quidem
780 4029 843 4090 quo
864 4013 989 4092 saepius
1004 4015 1108 4092 reipsa
1130 4029 1276 4093 compro-

527 4109 604 4170 bare
633 4107 859 4184 unusquisque
890 4107 1068 4180 studuerit,
1093 4125 1131 4170 33
1156 4109 1276 4171 maiora

527 4200 587 4263 sibi
609 4202 691 4280 apud
714 4216 826 4262 omnes
848 4201 979 4262 laudum
1003 4201 1169 4278 praeconia
1190 4219 1276 4266 corn-

528 4292 650 4374 3333311
670 4294 752 4372 apud
774 4293 958 4364 Dominum,
983 4295 1038 4370 331
1060 4311 1124 4356 333
1147 4298 1277 4375 respicit

528 4387 657 4451 vultum
679 4388 866 4459 hominum,
890 4401 996 4463 neque
1022 4386 1109 4449 iuxta
1136 4388 1275 4451 bominis

528 4481 681 4544 intuitum
701 4481 818 4543 iudicat
840 4486 872 4542 et
893 4479 1032 4558 praemia
1049 4479 1195 4558 largitur,
1219 4484 1274 4546 sed

528 4593 583 4638 cor
604 4576 733 4638 intuens
755 4591 821 4637 non
846 4575 1019 4646 irridetur,
1044 4575 1194 4638 uberiora
1215 4577 1275 4638 sibi

528 4669 715 4730 caelestium
737 4668 964 4730 charismatum
991 4683 1126 4729 munera
1148 4685 1275 4747 prome·

528 4762 663 4824 rebitur.
690 4761 916 4837 Quamobrem,
941 4761 980 4823 de
1009 4763 1200 4826 eorumdem
1221 4779 1274 4826 ve-

527 4855 720 4918 nerabilium
751 4853 887 4916 fratrum
915 4862 1099 4920 nostrorum
1127 4857 1271 4932 consilio,

527 4949 780 5011 fraternitatibus
792 4949 909 5010 vestris
922 4951 1121 5023 mandamus,
1134 4959 1170 5012 ut
1185 4968 1274 5030 prae-

527 5049 634 5106 sentes
667 5048 792 5105 nostras
820 5043 853 5104 in
883 5042 984 5104 forma
1013 5044 1121 5106 brevis
1148 5045 1271 5120 literas,

527 5152 665 5214 quarum
687 5137 844 5216 exemplis
867 5137 962 5199 etiam
984 5137 1159 5215 impressis,
1178 5155 1273 5202 manu

526 5230 660 5294 alicuius
682 5231 797 5293 notarii
819 5229 938 5308 publici
965 5231 1153 5308 subscriptis
1182 5237 1215 5292 et
1235 5233 1273 5293 si-

527 5324 606 5402 gillo
637 5340 791 5403 personae
820 5325 854 5386 in
886 5324 1095 5387 ecclesiastica
1120 5324 1274 5402 dignitate

527 5418 717 5481 constitutae
740 5417 883 5491 munitis,
905 5419 1017 5480 eadem
1039 5434 1172 5496 prorsus
1195 5419 1273 5480 fides

527 5514 560 5575 in
581 5511 698 5574 iudicio
721 5519 753 5574 et
767 5519 857 5575 extra
871 5512 1070 5584 adhibeatur,
1088 5527 1168 5590 quae
1185 5529 1274 5590 prae·

527 5605 672 5669 sentibus
694 5605 770 5682 ipsis
785 5607 1003 5679 adhiberetur,
1020 5607 1046 5668 si
1062 5605 1169 5668 forent
1184 5605 1273 5668 enhi-

527 5699 613 5763 hitae
623 5700 676 5763 vel
689 5707 844 5772 ostensae,
859 5699 1008 5762 omnibus
1024 5705 1056 5761 et
1066 5699 1203 5777 singulis
1216 5715 1273 5780 per

528 5792 665 5856 Scotiam
681 5792 889 5856 missionariis
906 5800 993 5855 notas
1014 5792 1118 5855 facere
1140 5794 1270 5868 curetis,

527 5896 639 5952 utnon
655 5887 760 5950 solum
776 5887 874 5950 sciant
889 5893 1004 5964 quanta
1020 5886 1061 5949 sit
1076 5893 1185 5948 nostra
1197 5903 1272 5965 erga

528 5981 659 6044 eosdem
681 5987 811 6060 paterna
834 5980 1058 6043 benevolentia
1076 5986 1109 6043 et
1123 5995 1273 6058 praecon-

1050 613 1116 660 furt.
1140 613 1232 660 PON'l'.
1256 614 1297 660 DE
1318 615 1348 660 P.
1373 615 1402 660 1r,
1426 615 1510 660 PARS
1531 615 1553 660 l.

1335 741 1424 814 cepta
1446 735 1484 798 de
1506 735 1651 814 ipsorum
1672 733 1847 797 virtutibus
1863 733 1970 812 opinio
1987 741 2083 809 atque

1335 828 1540 900 existimatio,
1563 843 1679 890 verum
1702 828 1797 890 etiam
1819 833 1856 888 ut
1876 827 1948 904 ipsi,
1970 825 2083 888 frater-

1335 920 1486 984 nitatibus
1512 921 1626 984 vestris
1660 918 1909 999 praeeuntibus,
1943 919 2082 982 vicissim

1335 1015 1551 1091 praeinsertae
1566 1015 1696 1078 decreto
1712 1012 1870 1075 formulae
1885 1011 2004 1075 alacres
2025 1012 2083 1075 ite-

1336 1123 1407 1168 rum
1436 1109 1693 1181 subscribentes,
1724 1108 1840 1172 ceteris
1867 1108 2082 1186 imposterum

1335 1202 1554 1274 missionariis,
1572 1203 1667 1265 etiam
1683 1201 1849 1266 Societatis
1864 1202 1947 1274 lesu,
1964 1200 1994 1282 (a
2013 1201 2083 1278 qui-

1336 1296 1394 1357 bus
1417 1295 1566 1358 omnibus
1596 1297 1741 1359 eamdem
1765 1295 1937 1358 formulam
1963 1294 2081 1356 futuris

1335 1387 1535 1467 temporibus
1564 1391 1707 1462 omnino,
1732 1390 1826 1452 toties
1849 1388 1976 1466 quoties
2002 1403 2081 1466 opus

1335 1481 1444 1554 fuerit,
1478 1481 1741 1545 subscribendam
1767 1499 1836 1545 esse
1862 1482 2018 1544 edicimus
2050 1489 2082 1544 31

1334 1576 1535 1654 statuimus),
1572 1577 1722 1654 exemplo
1753 1575 1818 1637 sint
1847 1582 1943 1652 atque
1974 1574 2081 1637 incita·

1335 1677 1456 1733 mento.
1483 1669 1562 1732 lluic
1583 1685 1663 1732 vero
1694 1669 1852 1733 formulae
1883 1669 2081 1748 saepedictae

1334 1762 1546 1826 adiiciendum
1575 1771 1671 1840 atque
1696 1763 1964 1826 subscribendum
1986 1761 2080 1824 etiam

1335 1873 1405 1920 esse
1437 1871 1623 1930 censemus,
1648 1872 1755 1935 33333
1780 1874 1796 1917 3
1817 1857 1909 1918 vobis
1941 1855 2016 1933 ipsis
2048 1856 2081 1917 13

1334 1949 1504 2012 edocendis
1540 1949 1811 2027 instituendisque
1850 1948 1998 2010 fidelibus
2033 1948 2081 2010 ul-

1334 2045 1401 2106 lum
1424 2058 1566 2120 unquam
1589 2043 1707 2106 factum
1729 2044 1779 2116 iri,
1805 2057 1911 2119 neque
1932 2057 1989 2104 vos
2012 2041 2081 2108 fote

1334 2153 1481 2215 passuros
1504 2137 1541 2200 ab
1556 2138 1625 2200 aliis
1638 2153 1767 2215 quoque
1783 2137 1963 2200 faciendum
1985 2153 2080 2200 usum

1333 2231 1523 2293 catechismi
1547 2231 1662 2295 llontis
1694 2230 1846 2310 Pepulani
1875 2246 2080 2308 quocumque

1335 2333 1491 2403 tempore,
1515 2327 1712 2402 ubicumque
1744 2325 1888 2387 locorum
1911 2331 1944 2386 et
1965 2325 2079 2401 quovis

1333 2419 1483 2482 idiomate
1512 2419 1599 2491 editi,
1625 2419 1818 2497 promulgati
1847 2435 1881 2480 ac
1903 2419 2001 2490 versi,
2025 2418 2080 2495 qui

1334 2513 1444 2591 gallica
1466 2513 1575 2590 lingua
1599 2513 1683 2575 hunc
1709 2513 1849 2590 praefert
1870 2513 2017 2574 titulum:
2041 2545 2078 2557 —

1332 2607 1542 2670 instructions
1564 2606 1731 2684 generales
1748 2621 1789 2668 33
1804 2603 1908 2668 forme
1931 2607 1969 2668 de
1991 2604 2080 2668 Gete-

1332 2701 1456 2763 ebisme
1467 2717 1507 2762 ou
1520 2700 1584 2762 l’on
1600 2700 1751 2778 euplique
1766 2717 1807 2761 en
1822 2701 1939 2778 abrege
1952 2699 2079 2778 333111-

1333 2794 1453 2856 criture
1469 2793 1586 2866 Salute,
1602 2801 1634 2856 et
1648 2810 1704 2872 par
1719 2794 1747 2856 la
1764 2793 1924 2866 tradition,
1944 2792 2080 2855 l’llistoi-

1333 2903 1368 2950 re
1384 2894 1416 2950 31
1438 2887 1483 2950 133
1506 2889 1645 2966 Dogmes
1661 2889 1701 2951 de
1722 2889 1751 2951 la
1772 2887 1920 2965 Religion
1937 2893 1997 2950 etc.
2021 2887 2079 2948 irn-

1333 2983 1473 3060 primees
1489 2997 1543 3060 par
1560 2983 1655 3044 ordre
1669 2983 1708 3044 de
1725 2981 1855 3044 Messire
1870 2979 2001 3044 Charies
2013 2979 2080 3042 loa·

1332 3077 1417 3138 ohim
1439 3075 1572 3138 Golbert
1592 3076 1724 3153 llveque
1746 3075 1785 3137 de
1808 3074 2022 3152 llontpellier.
2042 3106 2079 3120 -

1331 3168 1398 3244 Quo
1431 3170 1561 3248 quidem
1598 3169 1790 3232 catechismo
1822 3169 2079 3246 quibuscumque

1333 3264 1595 3341 explicationibus
1622 3263 1691 3325 sive
1712 3261 1955 3334 additamentis,
1985 3276 2080 3338 3333-

1332 3373 1471 3435 cumque
1503 3358 1580 3420 haec
1611 3357 1692 3428 sint,
1727 3357 1867 3419 cuiusvis
1898 3356 2026 3434 generis
2049 3361 2080 3417 et

1333 3451 1447 3527 quovis
1479 3457 1625 3529 tempore
1654 3459 1686 3516 et
1707 3451 1904 3529 ubicumque
1933 3451 2079 3514 locorum

1333 3553 1364 3608 31
1392 3546 1507 3624 333313
1534 3547 1686 3608 idiomate
1708 3545 1741 3608 in
1770 3546 1876 3608 lucem
1905 3547 1974 3608 3133
1996 3545 2079 3610 edite

1332 3640 1400 3701 sive
1416 3641 1538 3702 edenda
1551 3639 1674 3722 fuerint
1688 3639 1819 3701 adaucto
1834 3649 1866 3700 et
1880 3640 2076 3716 adaugendo,

1334 3733 1379 3797 311
1395 3734 1527 3795 omnino
1543 3733 1763 3811 prohibemus.
1785 3731 1951 3794 Praeterea
1968 3741 2079 3810 quem-

1332 3828 1504 3890 admodum
1533 3845 1548 3888 a
1574 3827 1726 3904 singulari
1757 3826 1903 3888 omnium
1933 3832 2077 3888 vestrum

1332 3938 1408 3999 erga
1439 3939 1496 3984 nos
1534 3921 1735 3983 observantia
1769 3921 1903 3982 assiduis
1937 3921 2079 3983 31333333

1333 4016 1458 4094 31313113
1488 4015 1678 4080 testimoniis
1699 4031 1757 4077 vos
1779 4015 1862 4077 votis
1895 4015 2013 4078 nostris
2043 4015 2078 4078 11-

1333 4113 1448 4173 benter
1474 4110 1746 4172 obsecundaturos
1768 4125 1837 4170 esse
1869 4109 1961 4170 nobis
1990 4115 2078 4172 certo

1332 4205 1533 4283 pollicemur,
1556 4204 1598 4265 ita
1613 4204 1645 4264 in
1661 4217 1752 4280 spem
1779 4203 1948 4279 erigimur,
1966 4219 2078 4266 omnes

1332 4315 1365 4359 33
1387 4295 1602 4359 fraternitates
1626 4303 1749 4360 vestras
1779 4299 1967 4374 praesertim
1993 4297 2079 4360 adni-

1333 4405 1427 4452 nuras
1453 4405 1534 4462 esse,
1560 4397 1606 4463 ut,
1637 4406 1695 4466 pro
1716 4390 1861 4452 iniuncto
1887 4391 1947 4451 sibi
1970 4391 2077 4454 debito

1332 4484 1497 4561 pastoralis
1529 4483 1713 4561 vigilantiae
1742 4500 1852 4557 onere,
1880 4486 2077 4564 quicumque

1332 4574 1416 4648 libri,
1433 4577 1557 4654 ingenti
1572 4593 1644 4640 oum
1662 4577 1842 4640 animarum
1863 4579 1993 4652 iactura,
2009 4581 2077 4642 sive

1330 4670 1364 4731 in
1393 4670 1498 4734 lucem
1525 4671 1601 4733 editi
1632 4672 1699 4734 sive
1731 4672 1867 4746 edendi,
1899 4673 2077 4737 doctrinam

1332 4765 1439 4827 minus
1461 4781 1568 4826 sanam
1591 4771 1647 4851 aut
1665 4767 1776 4828 saltem
1799 4775 1979 4846 suspectam
2005 4787 2077 4831 con-

1331 4860 1488 4932 tinentes,
1512 4877 1546 4921 ac
1578 4861 1767 4936 praesertim
1797 4861 1836 4934 11,
1865 4863 1919 4940 331
1951 4865 1989 4925 ab
2022 4864 2078 4926 hec

1331 4952 1443 5016 Sancta
1475 4951 1556 5015 Sede
1592 4968 1744 5030 expresse
1777 4953 1931 5033 prohibiti
1962 4973 1996 5018 ac
2027 4957 2077 5019 da·

1331 5048 1430 5110 mnati
1451 5054 1536 5119 sunt,
1554 5047 1591 5108 ab
1615 5047 1760 5109 omnium
1775 5049 1923 5112 manibus
1942 5051 2078 5129 eripian-

1330 5147 1383 5202 tur
1411 5157 1445 5201 ac
1473 5139 1609 5202 flammis
1640 5139 1788 5202 abolendi
1821 5143 1996 5206 tradantur.
2031 5145 2077 5206 En

1331 5234 1447 5296 horum
1477 5233 1564 5294 enirn
1590 5232 1793 5310 aliorumque
1815 5235 1984 5309 librorum,
2009 5239 2075 5316 331,

1329 5328 1364 5388 ad
1387 5326 1501 5388 blanda
1523 5341 1672 5387 errorum
1695 5319 1820 5388 venena
1841 5327 1901 5388 sub
1921 5329 1990 5391 dcta
2013 5332 2077 5409 pie-

1331 5421 1400 5482 tatis
1423 5420 1592 5483 dulcedine
1619 5421 1815 5492 hominibus,
1839 5437 2001 5485 sacrarum
2024 5426 2077 5488 do·

1330 5515 1505 5576 ctrinarum
1527 5514 1716 5592 inexpertis,
1741 5515 1933 5592 inspiranda,
1950 5516 2077 5582 fraudo·

1331 5607 1434 5670 lenter
1449 5608 1618 5686 compositi
1640 5615 1726 5682 sunt,
1744 5607 1883 5672 lectione
1899 5611 1994 5673 etiam
2014 5611 2076 5676 for-

2122 601 2174 658 hu.
2187 603 2215 658 C.
2231 602 2299 658 flet

1331 5701 1427 5772 13113,
1462 5702 1601 5775 nullam,
1636 5718 1677 5764 33
1703 5719 1742 5765 ex
1768 5703 1916 5782 alloquiis
1945 5706 2076 5784 quidem
2182 5699 2184 5703 ’

1329 5794 1604 5874 familiaribusque
1619 5798 1836 5870 sermonibus,
1852 5814 1996 5876 unquam
2012 5800 2076 5861 exi·

1330 5888 1514 5962 tiosiorem,
1537 5906 1596 5952 nec
1618 5889 1708 5953 facile
1737 5894 1945 5955 avertendam
1971 5893 2077 5973 depel-

1330 5979 1534 6058 lendamque,
1544 5989 1667 6061 pestem
1679 6001 1749 6047 esse
1760 5984 1964 6064 importatam
1977 5986 2076 6065 probe
