4756 6994
836 606 1035 654 beneolentis
1055 608 1106 654 ΡΡ.
1130 607 1195 655 ΧΠ.

242 729 304 791 dini
327 737 399 792 tuae
421 727 526 790 Divini
549 726 686 806 Spiritus
705 743 814 790 aurem
830 724 986 804 singulari

241 837 347 884 amore
368 822 590 900 imploramus,

278 915 389 976 [tatum
420 915 550 988 Romae,
580 915 661 993 apud
685 913 716 976 S.
742 915 870 978 Mariam
893 915 986 976 llaio-

1043 725 1232 802 gregatione
1247 725 1376 788 Abbatis
1399 725 1559 804 generalis
1581 731 1614 788 et
1635 725 1790 803 begume-

1043 836 1160 882 norum
1176 836 1259 882 anno
1275 819 1402 883 Domini
1416 819 1591 882 millesimo
1606 820 1791 898 septingen-

1044 914 1159 976 tesimo
1193 913 1359 990 trigesimo
1389 914 1526 993 septimo
1559 921 1592 977 et
1619 913 1790 976 millesimo

241 1024 319 1080 rem,
343 1009 403 1072 sub
423 1008 544 1070 annulo
566 1009 744 1082 Piscatoris,
775 1011 826 1072 die
856 1025 922 1070 ιιι.
946 1009 988 1070 ιι-
1041 1007 1330 1085 septingentesimo
1353 1007 1609 1085 quadragesimo.

241 1103 341 1164 nuarii
363 1119 529 1176 nnccxm,
553 1103 754 1180 pontificatus
777 1105 877 1166 nostri
895 1119 945 1166 an.
964 1121 985 1164 r.

241 1574 372 1651 Atipncs
393 1575 627 1638 declarationes
645 1575 911 1636 constitutionum
925 1591 987 1637 mo·

278 1667 458 1730 nccbcrnnt
484 1669 614 1732 Ordinis
640 1669 671 1732 S.
698 1669 830 1731 Antonii
858 1667 989 1731 Abbatis

278 1761 547 1936 ξιιιιέιῖιιξιιιιιιι
578 1763 697 1826 Meritis
727 1762 844 1826 Liboni
875 1761 988 1843 confir-

400 2027 647 2096 benecautus
671 2029 732 2096 ΡΡ.
756 2027 827 2094 xlv.

359 2151 396 2217 ad
419 2157 594 2236 perpetuam
618 2152 661 2218 rei
684 2152 866 2219 memorien.

279 2331 349 2406 §l
375 2329 510 2408 Semper
538 2330 746 2410 probavimus
775 2331 988 2394 laudavimus-

239 2439 304 2500 que
318 2423 482 2500 singulare
500 2423 625 2501 pietatis
640 2431 672 2486 et
687 2423 910 2486 sollicitudinis
924 2431 989 2486 stu-

239 2518 347 2587 dium,
371 2531 435 2594 quo
467 2516 695 2594 religiosorum
718 2517 864 2578 virorum
895 2533 988 2594 supe-

239 2611 342 2672 riores
364 2609 397 2672 in
420 2610 624 2686 generalibus
653 2609 908 2687 uniuscuiusque
933 2609 988 2673 Or-

239 2705 323 2766 dinis
349 2704 487 2766 comitiis
516 2705 722 2781 congregati,
754 2711 921 2782 postquam
948 2705 987 2766 de

239 2799 385 2860 omnium
408 2796 579 2860 cuiuslibet
596 2797 793 2868 monasterii,
811 2803 988 2860 conventus

238 2899 271 2954 ct
293 2893 407 2954 domus
437 2891 643 2954 alumnorum
672 2891 847 2967 virtutibus
879 2909 912 2952 ac
935 2893 987 2954 de-

238 2985 375 3048 lectibus
398 2983 482 3046 docti
497 2982 630 3056 luerint,
648 2992 780 3062 propter
803 2994 985 3063 temporum

238 3079 326 3140 vices
348 3077 487 3140 salutare
509 3078 691 3140 remedium
720 3078 836 3140 ιιιιιιι
858 3079 987 3158 cupien-

237 3179 298 3245 tes,
328 3172 492 3234 interdum
521 3172 767 3234 constitutiones
793 3171 987 3250 regulasque

238 3282 313 3328 suas
333 3266 420 3328 iuxta
441 3265 623 3328 facultatem
647 3265 723 3344 ipsis
745 3266 782 3328 ab
808 3266 987 3343 Apostolica

238 3357 323 3421 Sede
353 3375 535 3421 concessam
566 3359 738 3430 declarare,
762 3365 805 3432 et,
830 3367 987 3437 quatenus

239 3469 320 3530 opus
341 3451 449 3525 luerit,
474 3454 569 3516 etiam
592 3469 691 3516 novas
723 3469 781 3532 pro
803 3454 915 3517 maiori
938 3471 987 3517 re·

239 3545 360 3622 gularis
389 3545 574 3624 disciplinae
601 3547 804 3609 incremento
834 3549 987 3610 constitu-

240 3641 345 3703 tiones
366 3655 401 3702 ιι
422 3641 551 3718 regulas
580 3641 720 3702 condere
749 3649 781 3704 et
802 3643 919 3704 addere
941 3659 987 3704 sa-

239 3741 359 3812 tegant.
382 3734 426 3796 Eu
447 3740 580 3812 propter
597 3735 631 3796 in
653 3735 784 3798 sublimi
807 3737 864 3798 bac
885 3753 987 3798 sacro·

238 3829 341 3891 sancti
360 3827 556 3907 apostolatus
576 3829 705 3908 specula
724 3831 907 3908 superiores
929 3831 987 3892 bu-

238 3923 379 3986 iusmodi
405 3940 470 3986 non
497 3923 604 3986 solum
633 3923 814 4003 apostolicis
841 3924 987 3987 laudibus

238 4018 513 4090 commendamus,
536 4033 652 4080 verum
676 4019 771 4082 etiam
803 4019 987 4082 declaratio-

239 4129 296 4174 nes
318 4127 481 4189 novasque
509 4113 652 4174 conditas
679 4113 924 4176 constitutiones
953 4131 987 4176 ac

220 4205 379 4284 regulas,
403 4221 477 4268 cum
499 4207 623 4268 anobis
645 4208 777 4286 petitur,
797 4207 987 4286 apostolicae

239 4301 400 4364 firmitatis
422 4301 598 4379 patrocinio
619 4301 822 4364 communire
847 4318 912 4364 non
934 4304 987 4366 de-

239 4395 423 4473 dignamur.

279 4491 298 4564 5
318 4488 348 4550 2.
364 4488 476 4567 Nuper
497 4489 656 4566 siquidem
679 4504 737 4567 pro
752 4497 842 4567 parte
857 4489 988 4554 dilecto-

240 4597 313 4644 rum
336 4581 479 4644 llliorum
501 4581 630 4644 Abbatis
654 4582 813 4660 generalis
833 4591 865 4646 et
879 4600 987 4646 mona-

239 4676 376 4738 cborum
411 4691 563 4754 syrorum
597 4676 828 4738 maronitarum
861 4674 990 4739 Ordinis

240 4768 272 4830 S.
290 4769 420 4831 Antonii
436 4767 564 4832 Abbatis
582 4769 850 4848 Congregalionis
872 4770 997 4832 blontis·

239 4861 351 4924 Libani
373 4862 465 4924 nobis
493 4863 675 4940 expositum
704 4862 781 4935 luit,
812 4862 896 4940 quod
927 4864 985 4940 ipsi

240 4957 386 5033 quamvis
408 4956 598 5018 eorumdem
625 4955 758 5034 regulae
780 4963 812 5018 et
833 4957 986 5019 constitu-

239 5050 344 5112 tiones
365 5050 404 5112 ab
420 5049 598 5128 Apostolica
620 5049 678 5112 bac
700 5048 811 5112 Sancta
831 5048 914 5111 Sede
935 5065 986 5127 ap-

240 5143 390 5220 probatae
412 5150 445 5205 ιι
470 5143 676 5205 confirmatae
703 5141 849 5215 fuerant,
879 5151 986 5206 tamen

239 5237 478 5298 considerantes
507 5237 635 5298 easdem
667 5237 795 5314 regulas
818 5244 850 5298 et
871 5237 986 5300 consti·

240 5331 381 5393 tutiores
404 5330 569 5393 nonnullis
597 5330 745 5408 indigere
767 5330 985 5392 declarationi·

239 5425 311 5497 bus,
333 5425 533 5498 auctoritate,
557 5440 638 5502 quae
660 5440 718 5504 per
740 5425 867 5486 easdem
890 5440 985 5501 regu-

239 5519 283 5581 las
304 5529 336 5583 ιι
364 5520 610 5584 constitutiones
639 5519 715 5598 ipsis
743 5520 899 5592 traditur,
932 5519 985 5581 de·

239 5613 426 5677 claratioues
457 5629 514 5676 seu
537 5613 765 5692 explicationes
787 5612 983 5685 buiusmodi,

239 5715 335 5785 prout
355 5708 515 5786 sequitur,
538 5707 768 5770 condiderunt:

278 5800 985 5864 «Declaratioconstitutionumlactain(lon-

280 6017 311 6070 (l)
327 6015 365 6059 Ex
380 6013 461 6059 tabul.
478 6017 572 6071 congr.
587 6013 658 6069 Vide,
673 6013 752 6070 paulo
766 6015 897 6072 superius,
912 6025 970 6071 pag.
987 6017 1032 6058 litt.

344 6139 401 6182 Iter.
418 6139 493 6182 Petet.
509 6139 541 6182 de
555 6140 636 6192 Prop.
652 6139 714 6182 Fide
727 6136 814 6182 Partis
827 6139 846 6180 1.
861 6135 915 6181 Vol.
930 6137 981 6180 Vll.

1083 1101 1148 1163 «ln
1171 1101 1302 1164 nomine
1324 1102 1424 1164 Patris
1446 1108 1479 1164 et
1500 1102 1570 1165 Filii
1598 1111 1630 1165 et
1653 1101 1790 1182 Spiritus

1044 1195 1150 1260 Sancti
1171 1195 1267 1258 unius
1289 1195 1356 1268 Dei,
1379 1194 1494 1266 lmen.

1083 1287 1207 1352 cinno
1218 1290 1346 1352 Domini
1358 1290 1532 1354 millesimo
1543 1291 1790 1369 septingentesi-

1044 1399 1097 1446 mo
1119 1384 1287 1461 trigesimo
1309 1385 1458 1462 septimo,
1476 1385 1527 1448 die
1542 1385 1664 1448 decima
1679 1391 1790 1463 quarta

1044 1480 1129 1552 maii,
1153 1487 1289 1543 stanno
1310 1479 1482 1542 millesimo
1502 1480 1790 1558 septingentesimo

1044 1574 1369 1651 quadragesimalis
1391 1591 1473 1636 nona
1495 1573 1660 1646 februarii,
1681 1575 1713 1636 in
1735 1592 1791 1638 no-

1044 1679 1112 1731 stro
1134 1668 1328 1730 monasterio
1350 1667 1483 1730 Loaizae
1503 1667 1607 1730 babila
1628 1668 1689 1732 luit
1709 1667 1791 1733 Gon·

1045 1763 1193 1840 gregatio
1218 1761 1347 1824 Abbatis
1381 1762 1541 1838 generalis
1571 1769 1604 1824 et
1634 1763 1790 1840 begume-

1044 1871 1174 1926 norum,
1190 1855 1223 1917 in
1239 1869 1300 1932 qua
1322 1853 1493 1917 nonnullas
1515 1861 1643 1918 nostrae
1658 1855 1791 1933 regulae

1044 1951 1290 2014 constitutiones
1310 1951 1565 2012 examinavimus
1587 1951 1673 2013 iuxta
1694 1951 1790 2014 lacul-

1044 2051 1142 2106 tatem
1164 2051 1292 2106 nostrae
1307 2043 1558 2121 Congregationi
1573 2044 1685 2107 ιιιιιιι
1708 2053 1788 2125 part.

1045 2139 1155 2216 quinta
1176 2137 1443 2200 constitutionum
1466 2154 1532 2218 cap.
1556 2137 1615 2201 ult.
1639 2155 1729 2202 num.
1753 2157 1788 2202 rr.

1045 2267 1082 2280 -
1104 2231 1279 2310 Explicatio
1311 2231 1577 2294 constitutionum
1604 2241 1637 2296 ιι
1657 2233 1790 2311 regulae

1045 2329 1185 2406 pertinet
1213 2328 1248 2389 ad
1280 2325 1386 2388 solum
1418 2325 1573 2389 Abbatem
1605 2329 1790 2405 generalem

1044 2438 1117 2484 cum
1133 2421 1265 2484 consilio
1281 2421 1544 2499 begumenorum
1556 2453 1605 2494 -,
1623 2421 1713 2500 isque
1729 2423 1792 2485 erit

1044 2515 1205 2592 genuinus
1227 2531 1338 2577 earum
1360 2531 1490 2587 sensus,
1513 2517 1665 2592 inquom
1689 2516 1791 2578 maior
1859 2521 1861 2528 ’

1044 2625 1114 2688 pars
1147 2609 1407 2687 begumenorum
1444 2609 1614 2672 consentit.
1651 2609 1791 2673 Praelata

1043 2704 1150 2780 itaque
1171 2703 1358 2765 auctoritate
1380 2703 1495 2764 muniti
1518 2710 1550 2764 ιι
1570 2709 1696 2766 ιιιιιιι
1717 2720 1790 2782 syn-

1044 2798 1095 2861 odi
1119 2797 1232 2859 ltlontis
1256 2796 1383 2870 Libani,
1412 2797 1582 2876 apostolica
1603 2798 1790 2859 auctoritate

1043 2909 1126 2954 anno
1148 2892 1321 2956 millesimo
1344 2891 1632 2969 septingentesimo
1664 2893 1790 2969 trigesi-

1044 3003 1096 3048 mo
1108 2994 1200 3048 sexto
1216 2985 1404 3058 celebratae,
1418 2985 1623 3048 inhaerentes
1639 2986 1788 3058 decretis,

1043 3080 1298 3142 examinavimus
1318 3086 1350 3142 et
1368 3079 1601 3142 declaravimus
1616 3087 1789 3158 sequentes

1043 3181 1167 3236 nostras
1190 3175 1378 3236 monasticas
1400 3173 1654 3236 constitutiones.

1083 3267 1233 3339 «Primo,
1258 3273 1338 3344 part.
1362 3285 1411 3340 ι.,
1441 3282 1506 3344 cap.
1531 3283 1587 3340 rv.,
1611 3283 1702 3330 num.
1725 3285 1787 3342 ux,

1043 3364 1174 3427 dicitur:
1202 3361 1327 3439 Siquis
1356 3376 1396 3424 ex
1422 3361 1574 3440 protessis
1606 3362 1790 3439 permiserit

1042 3473 1075 3519 se
1092 3457 1232 3520 ordinari
1248 3455 1367 3532 absque
1382 3454 1509 3516 licentia
1525 3454 1654 3516 Abbatis
1670 3461 1703 3518 et
1716 3473 1789 3519 con-

1043 3549 1239 3628 gregationis
1261 3547 1505 3619 monachorum,
1529 3547 1695 3626 negotium
1720 3551 1789 3612 eius

1042 3644 1079 3706 ad
1101 3641 1257 3705 Abbatem
1280 3640 1465 3718 generalem
1488 3641 1662 3714 deleratur,
1677 3642 1732 3719 qui
1753 3642 1789 3705 il-

1042 3737 1110 3798 lum
1132 3737 1171 3798 ab
1189 3733 1344 3798 exercitio
1365 3732 1491 3797 Ordinis
1512 3735 1686 3814 suspendat
1707 3733 1790 3796 aliis·

1043 3846 1106 3908 que
1134 3830 1247 3909 poenis
1282 3829 1415 3906 plectat,
1449 3827 1534 3890 salva
1568 3826 1787 3905 indulgentia,

1042 3939 1139 4000 quam
1171 3924 1200 3986 ei
1231 3921 1522 3984 reverendissimus
1552 3921 1587 3984 b.
1611 3921 1790 3984 Patriarcba

1042 4017 1248 4082 concesserit.

1082 4133 1100 4175 e
1115 4112 1191 4185 Nos,
1205 4112 1286 4173 banc
1300 4110 1564 4174 constitutionem
1580 4111 1787 4192 explicantes,

1043 4207 1189 4278 dicimus,
1213 4205 1474 4284 suspendendum
1497 4221 1568 4268 esse
1590 4221 1665 4268 eum
1681 4223 1790 4269 mona-

1042 4302 1138 4364 cbum
1155 4301 1193 4362 ab
1209 4299 1363 4362 exercitio
1379 4299 1511 4372 ordinis,
1525 4300 1652 4377 quaudo
1667 4301 1705 4364 ab
1717 4301 1789 4380 Epi-

1042 4409 1139 4472 scopo
1160 4392 1267 4469 aliquo
1290 4392 1386 4455 etiam
1408 4392 1597 4456 dioecesano
1619 4392 1718 4457 luerit
1740 4409 1790 4455 or·

1043 4488 1169 4551 dinatus
1201 4488 1320 4564 absque
1352 4485 1478 4550 licentia
1508 4485 1636 4548 Abbatis
1662 4495 1695 4551 ιι
1717 4503 1790 4549 ιιι-

1043 4581 1240 4659 gregationis
1263 4579 1514 4653 monachorum
1537 4597 1640 4654 secus,
1656 4581 1683 4644 si
1698 4596 1790 4643 reve-

1042 4675 1255 4736 rendissimus
1283 4673 1432 4736 dominos
1458 4674 1637 4737 Patriarcba
1666 4675 1790 4737 ordina·

1043 4769 1164 4831 tionem
1187 4769 1256 4830 eius
1279 4767 1466 4846 perfecerit:
1491 4784 1564 4830 nam
1586 4769 1654 4845 ipse
1676 4777 1725 4831 est
1739 4784 1789 4847 pa·

1043 4871 1093 4926 ter
1125 4863 1270 4926 omnium
1302 4869 1468 4934 nostrum,
1503 4868 1535 4923 ιι
1565 4862 1592 4922 ιι
1623 4875 1722 4938 quem
1749 4879 1790 4924 ex

1043 4956 1160 5019 nostris
1189 4954 1353 5016 monacbis
1386 4955 1563 5016 sacerdotio
1584 4963 1639 5018 aut.
1659 4955 1718 5018 alia
1738 4971 1789 5018 su-

1043 5049 1162 5126 periori
1184 5049 1339 5125 dignitate
1360 5047 1570 5110 ecclesiastica
1585 5047 1720 5126 dignum
1742 5049 1790 5111 iu-

1042 5142 1205 5214 dicaverit,
1224 5157 1281 5220 pro
1303 5157 1359 5203 sua
1380 5141 1566 5204 auctoritate
1588 5141 1789 5220 patriarchali

1042 5236 1072 5299 id
1102 5243 1265 5315 praestare
1287 5235 1422 5315 poterit3
1452 5237 1615 5314 rogandus
1643 5243 1789 5300 tamena

1042 5331 1133 5392 nobis
1162 5337 1212 5392 est
1232 5337 1326 5407 atque
1355 5330 1538 5392 humillime
1560 5330 1787 5404 obsecrandus,

1043 5431 1077 5486 ut
1093 5425 1200 5486 omnia
1214 5424 1296 5486 circa
1317 5424 1491 5486 monachos
1505 5432 1632 5488 nostros
1647 5425 1786 5502 negotia,

1042 5519 1190 5580 nonnisi
1219 5517 1334 5580 auditis
1363 5518 1602 5596 superioribus,
1633 5533 1788 5596 peragere

1042 5613 1204 5690 dignetur.

1081 5705 1274 5780 «Secundo,
1298 5713 1378 5784 part.
1403 5721 1451 5779 ι.,
1475 5721 1541 5783 cap.
1563 5721 1607 5778 ι.,
1630 5719 1720 5766 num.
1738 5720 1786 5777 ι.,

1042 5801 1096 5864 ιιι
1119 5800 1158 5864 de
1178 5800 1393 5864 sacerdotibus
1409 5799 1538 5861 dicitur:
1561 5797 1788 5862 coeremonias

1715 583 1771 652 153
1827 587 1878 646 Αι.
1893 587 1921 644 O.
1935 579 2004 644 arel
