4756 6994
881 591 1024 636 CLEMENS
1047 591 1095 635 ΡΙ).
1121 591 1177 635 ΧΙΙ.

254 709 418 770 nobiscum
442 709 548 770 auimo
571 715 766 786 reputantes,
784 709 869 770 unde
885 707 1001 769 lactum

253 803 303 874 sit,
327 804 411 879 quod
437 811 481 866 tot
504 803 695 866 eorumdem
719 803 1001 879 praedecessorum

254 896 376 958 labores
397 912 430 958 ac
453 896 564 958 collata
587 897 619 956 in
641 910 715 958 eum
746 895 843 956 huem
874 893 1002 971 egregia

253 990 354 1051 studia
376 991 496 1052 nedum
520 997 643 1068 optatos
665 988 788 1052 tructus
807 996 1003 1066 consequuta

253 1081 384 1152 luerint,
409 1097 515 1160 raeque
537 1082 667 1160 impleta
696 1081 799 1158 ampla
833 1081 884 1144 illa
916 1097 1000 1160 spes,

253 1191 347 1253 quam
370 1183 475 1237 sancta
498 1175 553 1237 llei
576 1175 715 1237 Ecclesia
737 1174 948 1236 collocaverat
969 1174 1001 1236 in

254 1269 439 1330 reversione
461 1270 497 1330 ad
514 1269 583 1330 eius
599 1268 760 1344 gremium
776 1267 953 1329 charissimi
970 1269 1001 1329 in

252 1363 381 1424 Christo
397 1361 452 1422 lilii
469 1366 570 1424 nostri
587 1359 734 1438 Augusti,
753 1361 900 1423 Polouiae
917 1361 1002 1438 regis

252 1457 399 1526 illustris,
424 1456 523 1534 ipsius
550 1454 704 1517 Saxouiae
736 1455 825 1518 ducis
856 1471 890 1516 ac
922 1455 1001 1516 sacri

253 1552 375 1612 romani
405 1550 533 1626 imperii
562 1549 713 1628 principis
743 1549 901 1620 electoris,
933 1555 1001 1610 tum

252 1645 451 1706 dilectissimi
475 1647 506 1704 in
527 1642 656 1706 Christo
684 1643 801 1719 pariter
824 1643 879 1704 lilii
903 1645 1001 1704 nostri

252 1738 404 1800 l'riderici
429 1737 564 1814 augusti
589 1737 674 1814 regis
700 1737 860 1809 Poloniae,
885 1744 917 1798 et
939 1737 1002 1800 ele-

251 1831 380 1894 ctoralis
403 1829 557 1892 Saxoniae
580 1830 730 1907 principis
758 1829 822 1892 nati
849 1830 911 1900 sui,
941 1845 1002 1906 qua

251 1925 312 1986 sibi
337 1923 546 2002 pollicebatur
568 1923 727 1994 futurum,
751 1931 787 1984 ut
817 1924 933 2000 reliqui
956 1925 1003 1985 in-

251 2019 355 2097 clytae
377 2017 485 2095 stirpis
507 2015 674 2079 saxonicae
697 2017 856 2094 principes
883 2034 917 2078 ac
949 2033 1003 2094 po-

253 2112 321 2190 puli
338 2112 435 2190 ipsius
448 2111 581 2173 ducatus
596 2117 804 2172 monstratam
816 2111 854 2172 ah
867 2110 903 2171 iis
919 2111 1002 2172 viam

251 2205 389 2268 feliciter
411 2205 540 2274 inirent,
565 2220 599 2265 ac
620 2204 713 2264 sicuti
741 2205 920 2265 saxonicam
950 2206 1002 2266 do-

253 2315 342 2360 mum
367 2300 398 2360 in
422 2298 546 2359 haeresi
567 2297 787 2375 amplectenda
814 2305 846 2359 et
868 2297 1003 2360 lovenda

252 2392 332 2454 olim
354 2391 483 2468 sequuti
516 2389 643 2453 lueraut
675 2397 853 2462 errantem,
888 2391 929 2452 ita
955 2409 1003 2454 se·

251 2492 433 2561 querentur
449 2483 704 2560 resipiscentem,
722 2499 757 2544 re
772 2490 916 2545 accurate
934 2501 1003 2561 per-

252 2593 350 2656 pensa
386 2577 503 2638 merito
538 2576 793 2638 dubitaverimus
825 2577 855 2638 id
888 2579 1003 2640 exinde

251 2671 443 2749 praesertim
456 2670 638 2747 provenire,
650 2671 736 2746 quod
751 2670 895 2748 plerique
907 2687 1003 2748 aegre

251 2764 364 2826 adduci
387 2764 514 2824 valeant
534 2763 570 2824 ad
598 2763 825 2824 dimittendum
848 2770 879 2824 et
907 2764 1003 2824 rolin·

251 2859 420 2935 quendum
444 2857 525 2917 bona
547 2855 766 2926 ecclesiastica,
785 2871 866 2934 quae
884 2865 1004 2934 praete-

252 2953 391 3012 ritorum
413 2959 595 3027 temporum
619 2950 734 3011 iniuria
750 2968 783 3011 ac
801 2951 1000 3024 contusione,

252 3047 330 3106 dum
354 3044 494 3105 haeresis
516 3044 548 3104 in
571 3060 609 3104 eo
631 3045 745 3106 ducatu
769 3047 874 3107 omnia
892 3047 1003 3108 misce·

252 3147 315 3209 ret,
339 3145 487 3214 occupata
510 3137 632 3198 abillis
662 3138 860 3210 detinentur,
892 3147 1002 3217 utpote

252 3233 309 3308 qui
331 3232 400 3293 sine
415 3231 453 3290 iis
470 3229 560 3292 bonis
576 3231 659 3292 vitae
678 3231 835 3294 humanae
853 3233 1002 3295 subsidiis

252 3326 307 3387 vel
328 3325 620 3396 commoditatibus,
643 3327 760 3402 quibus
782 3328 898 3388 assueti
914 3339 1000 3400 sunt,

252 3426 466 3490 exuerentur,
483 3433 663 3495 eorumque
681 3419 736 3480 dlii
753 3427 785 3481 et
797 3419 933 3482 lamiliae
949 3437 1003 3483 ne-

252 3513 387 3575 cessaria
408 3513 675 3583 substentatione,
699 3513 749 3573 cui
778 3513 906 3575 aliunde
929 3516 1003 3576 sub·

252 3607 367 3668 venire
400 3605 584 3682 nequirent,
620 3621 729 3667 carere
766 3615 939 3682 cogeretur
971 3615 1003 3670 et

253 3699 292 3760 ad
315 3700 427 3760 duram
452 3705 670 3776 paupertatem
693 3699 933 3776 redigerentur.

294 3793 312 3866 5
333 3793 362 3852 2.
381 3791 460 3853 Hinc
482 3799 529 3852 est
550 3791 634 3868 quod
658 3806 726 3863 nos,
744 3807 823 3868 quos
839 3794 1004 3856 coustituit

252 3885 408 3948 Doruinus
430 3899 527 3961 super
558 3883 708 3946 lamiliam
737 3901 826 3946 suam
856 3894 901 3957 ut,
927 3895 1003 3948 tam-

253 3994 349 4056 quam
366 3978 469 4040 hdelis
485 3992 599 4040 servus
612 3985 644 4040 et
657 3977 807 4056 prudens,
821 3979 941 4042 Christi
954 3997 1003 4059 pa-

253 4073 444 4134 trimonium
459 4071 765 4142 administraremus,
780 4073 1002 4136 reductionem

253 4168 387 4229 ducatus
410 4166 562 4243 praedicti
584 4167 620 4228 ad
640 4157 812 4228 catholicae
828 4175 860 4228 et
874 4168 1004 4229 univer·

251 4260 326 4322 salis
349 4259 508 4321 Ecclesiae
524 4261 677 4322 unionem
699 4267 809 4337 totque
824 4262 1002 4324 animarum

253 4354 392 4416 salutem
416 4352 512 4414 nullis
536 4360 739 4415 terrenarum
764 4371 872 4415 rerum
897 4371 1004 4432 respe-

253 4448 357 4510 ctibus
379 4447 528 4523 impediri
551 4453 605 4508 aut
626 4447 782 4509 retardari
803 4448 922 4510 debere
938 4451 1003 4511 exi-

183 4529 187 4538 “
253 4541 432 4611 stimantes,
449 4557 483 4602 ac
499 4539 643 4617 proinde,
668 4555 748 4617 quae
765 4549 895 4617 gentem
914 4559 1003 4605 saxo-

254 4651 329 4695 nem
351 4651 366 4694 a
381 4649 479 4696 verae
499 4633 664 4710 religionis
680 4636 843 4712 proposito
858 4637 1004 4700 amitten·

253 4729 367 4790 darum
400 4727 585 4790 lacultatum
609 4735 697 4789 metu
727 4728 1004 4807 incurrendaeque

255 4824 391 4884 miserae
413 4823 565 4898 egestatis
589 4822 724 4883 horrore
746 4822 911 4886 retrabere
935 4841 1004 4902 pos-

253 4925 336 4988 sent,
360 4917 556 4978 submovere
578 4916 737 4986 volentes,
762 4917 917 4994 nobisque
935 4934 1004 4996 per-

254 5014 426 5076 suadentes
442 5027 522 5089 opus
545 5011 741 5074 reductionis
765 5011 949 5074 huiusmodi
966 5030 1004 5074 eo

256 5105 393 5167 maiores
416 5121 605 5182 progressus
628 5105 813 5165 habiturum
835 5105 915 5178 lore,
940 5121 1004 5184 quo

255 5199 390 5277 amplior
406 5199 603 5276 uberiorque
623 5198 764 5260 inbonis
784 5199 1004 5263 ecclesiasticis

256 5293 459 5356 remittendis
482 5300 589 5354 nostra
611 5299 643 5354 et
656 5292 750 5354 huius
767 5291 897 5355 Sanctae
914 5293 1004 5357 Sedis

256 5397 421 5468 perspecto
444 5387 542 5450 luerit
571 5387 752 5464 benignitas
781 5397 812 5449 et
835 5389 1005 5466 indulgen·

258 5483 308 5554 tia,
332 5489 404 5560 post
426 5489 583 5542 maturam
606 5496 700 5556 quam
724 5497 797 5543 cum
822 5481 943 5558 aliquot
965 5499 1004 5544 ex

257 5575 494 5638 venerabilibus
535 5573 685 5636 iratribus
723 5573 839 5636 nostris
874 5573 1005 5638 Sanctae

257 5669 415 5732 Romanae
437 5667 597 5729 Ecclesiae
619 5667 838 5730 Cardiualibus
866 5670 1005 5748 desuper

259 5763 426 5824 habuimus
448 5760 726 5833 deliberationem,
758 5763 1006 5826 nonnullorum·

257 5872 318 5932 que
339 5855 599 5917 Romananorum
615 5855 805 5918 l'ontillcum
822 5858 1006 5934 praedeces-

257 5965 366 6010 sorum
388 5953 574 6010 nostrorum
591 5949 747 6024 vestigiis,
765 5966 889 6012 necnon
906 5950 1006 6012 menti

1059 705 1111 768 lel'.
1136 723 1201 768 rec.
1223 706 1400 768 Clementis
1422 707 1520 784 Papae
1546 706 1596 768 Xl.
1622 706 1806 784 praedeces·

1057 801 1138 862 soris
1161 800 1272 862 itidem
1296 800 1406 872 nostri,
1431 801 1521 862 nobis
1543 800 1687 878 apprime
1713 807 1806 862 notae

1058 894 1252 965 insistentes,
1285 894 1324 954 de
1357 894 1548 956 eorumdem
1570 893 1805 954 venerabilium

1058 986 1193 1048 lratrum
1216 994 1403 1048 nostrorum
1419 987 1552 1048 consilio
1568 997 1600 1050 et
1614 1003 1758 1060 assensu,
1773 1004 1806 1049 ac

1057 1081 1151 1143 etiam
1176 1090 1266 1144 motu
1289 1082 1418 1159 proprio
1441 1089 1532 1143 etex
1561 1089 1646 1143 certa
1676 1081 1806 1143 scientia

1058 1174 1175 1238 nostris
1197 1175 1302 1252 deque
1332 1175 1522 1252 apostolicae
1546 1165 1712 1254 pote'statis
1742 1175 1806 1253 ple-

1059 1269 1215 1340 nitudine,
1234 1269 1339 1330 omnia
1356 1277 1388 1332 et
1410 1268 1536 1346 singula
1560 1269 1640 1330 bona
1661 1268 1807 1331 ecclesia-

1057 1363 1132 1425 stica
1160 1363 1392 1439 cuiuscumque
1421 1363 1592 1440 qualitatis,
1623 1363 1807 1440 quantitatis

1057 1465 1089 1518 et
1112 1455 1228 1518 valoris
1252 1455 1282 1516 in
1305 1456 1420 1518 ducatu
1445 1454 1599 1518 Saxoniae
1614 1455 1747 1532 aliisque
1763 1455 1808 1518 di·

1059 1549 1197 1612 tionibus
1222 1555 1398 1610 memorato
1422 1547 1568 1625 Augusto
1591 1549 1671 1625 regi,
1689 1549 1734 1610 uti
1756 1547 1807 1610 Sa-

1059 1643 1170 1706 xoniae
1193 1641 1265 1704 duci
1287 1642 1448 1714 subiectis,
1473 1643 1694 1714 consistentia,
1718 1657 1808 1721 prae·

1059 1738 1229 1798 teritorum
1244 1744 1425 1812 temporum
1442 1735 1631 1797 contusione
1647 1743 1806 1813 occupata,

1057 1831 1139 1891 sicut
1162 1828 1389 1908 praemittitur,
1414 1828 1578 1890 modernis
1601 1844 1715 1890 eorum
1739 1844 1808 1906 pos-

1057 1923 1236 1985 sessoribus
1258 1938 1315 1984 seu
1338 1922 1562 1984 detentoribus
1584 1922 1725 1984 cuiusvis
1748 1931 1808 1986 sta-

1060 2024 1120 2087 tus,
1146 2017 1275 2092 gradus,
1299 2015 1429 2087 ordinis,
1454 2015 1628 2092 dignitatis,
1652 2016 1806 2078 conditio-

1059 2111 1107 2172 nis
1127 2119 1159 2172 et
1176 2109 1446 2187 praeeminentiae
1468 2108 1600 2180 luerint,
1625 2110 1680 2186 qui
1702 2111 1738 2171 ad
1761 2127 1808 2170 ca·

1060 2203 1194 2264 tholicae
1210 2201 1372 2264 Ecclesiae¹
1385 2202 1541 2264 unitatem
1561 2201 1621 2263 iam
1639 2202 1809 2264 redieruut

1059 2297 1111 2358 vel
1126 2297 1158 2358 in
1176 2303 1341 2374 posterum
1357 2295 1524 2366 redierint,
1542 2311 1723 2373 eorumque
1738 2313 1808 2358 suo·

1059 2389 1239 2452 cessoribus
1261 2390 1519 2466 quibuscumque
1541 2389 1705 2451 catholicis
1727 2399 1760 2452 et
1775 2389 1807 2450 in

1058 2483 1241 2544 sinceritate
1265 2484 1440 2545 ortodoxae
1470 2483 1543 2544 lidei
1573 2483 1808 2560 perseveranti·

1059 2577 1128 2648 bus,
1154 2593 1215 2638 una
1236 2593 1309 2638 cum
1332 2576 1489 2638 lructibus
1506 2577 1675 2657 perceptis,
1693 2577 1806 2638 harum

1058 2669 1155 2741 serie,
1181 2671 1219 2732 de
1241 2669 1385 2748 specialis
1408 2670 1491 2731 dono
1509 2669 1640 2745 gratiae,
1665 2669 1807 2748 plenarie

1059 2763 1267 2834 remittimus,
1291 2764 1521 2833 condonamus,
1546 2761 1689 2824 cedimus
1713 2772 1744 2824 et
1759 2779 1808 2824 re·

1059 2855 1213 2928 laxamus,
1237 2857 1394 2933 dictisque
1417 2855 1653 2934 possessoribus
1675 2873 1732 2918 seu
1755 2857 1808 2918 de·

1060 2949 1239 3012 tentoribus
1275 2965 1455 3027 eorumque
1486 2950 1740 3023 successoribus,
1773 2959 1808 3012 ut

1058 3044 1117 3122 ipsi
1140 3045 1179 3106 de
1201 3043 1293 3105 bonis
1309 3043 1457 3122 praelatis
1481 3052 1640 3120 tamquam
1656 3044 1721 3104 suis
1737 3059 1808 3121 pro-

1060 3138 1146 3216 priis,
1171 3146 1234 3200 tam
1267 3139 1352 3200 inter
1380 3138 1483 3208 vivos,
1517 3152 1612 3214 quam
1645 3152 1685 3198 ex
1717 3153 1808 3199 causa

1059 3231 1171 3294 mortis
1194 3238 1247 3292 aut
1268 3231 1343 3292 alias
1365 3230 1609 3308 quomodolibet
1637 3231 1809 3308 disponere

1058 3328 1191 3404 possint,
1215 3324 1343 3403 plenam
1365 3333 1397 3386 et
1419 3324 1552 3386 litteram
1583 3331 1696 3386 tenore
1720 3340 1808 3402 prae·

1057 3419 1198 3482 sentium
1222 3418 1395 3481 tribuimus
1417 3417 1601 3480 laenitatem
1624 3424 1656 3479 et
1671 3424 1808 3495 potesta-

1059 3521 1135 3585 tem,
1160 3527 1267 3590 neque
1289 3511 1361 3574 illos
1384 3527 1442 3589 pro
1465 3521 1553 3589 parte
1569 3510 1658 3573 Sedis
1674 3511 1807 3589 Aposto-

1058 3608 1147 3679 licae‚
1171 3606 1392 3678 ecclesiarum,
1417 3607 1688 3668 monasteriorum
1712 3615 1744 3668 et
1763 3607 1807 3668 lo-

1014 3761 1021 3776 ,
1057 3717 1170 3764 corum
1198 3702 1323 3779 piorum
1347 3707 1400 3760 aut
1422 3715 1632 3777 personarum
1661 3701 1808 3763 ecclesia-

1058 3796 1209 3857 sticarum
1231 3793 1266 3854 ad
1290 3809 1368 3870 quas
1391 3801 1422 3855 et
1445 3808 1525 3869 quae
1548 3793 1629 3854 bona
1650 3793 1808 3870 praedicta

1058 3889 1136 3950 olim
1159 3887 1373 3966 pertinebant,
1395 3895 1448 3948 aut
1463 3885 1600 3947 aliorum
1617 3887 1807 3964 quorumvis

1059 3983 1090 4043 ln
1114 3982 1177 4053 eis,
1207 3997 1264 4041 seu
1286 3981 1322 4041 ad
1346 3996 1400 4052 ea,
1424 3980 1471 4040 ius
1494 3979 1546 4040 vel
1572 3979 1731 4041 interesse
1758 3979 1808 4041 ha-

1059 4076 1204 4138 bentium
1226 4091 1283 4135 seu
1309 4073 1426 4134 habere
1449 4073 1743 4150 praetendentium,
1760 4089 1808 4135 ra·

1060 4169 1145 4232 tione
1169 4178 1200 4232 et
1222 4168 1386 4231 occasione
1403 4167 1653 4245 praemissorum
1669 4168 1808 4246 desuper

1060 4262 1234 4334 molestari,
1248 4261 1418 4338 inquietari
1437 4267 1491 4322 aut
1508 4261 1689 4338 perturbari
1702 4277 1805 4339 posse,

1060 4363 1161 4428 motu,
1185 4356 1316 4417 scientia
1347 4357 1379 4417 et
1411 4356 1575 4434 potestatis
1607 4355 1808 4433 plenitudine

1060 4451 1188 4530 paribus
1211 4450 1392 4522 statuimus,
1417 4449 1622 4511 decernimus
1645 4458 1678 4512 et
1707 4449 1808 4511 decla·

1060 4561 1180 4605 ramus.

1099 4638 1167 4712 53.
1192 4637 1262 4700 Non
1285 4639 1483 4704 obstantibus
1506 4639 1545 4700 de
1567 4639 1638 4700 iure
1664 4638 1809 4716 quaesito

1060 4747 1125 4794 nou
1148 4733 1291 4796 tollendo
1318 4733 1452 4811 aliisque
1481 4734 1654 4797 nostriset
1681 4731 1809 4795 Cancel-

1060 4826 1157 4888 leriae
1180 4827 1380 4904 Apostolicae
1402 4828 1536 4904 regulis,
1554 4843 1612 4889 nec
1635 4844 1699 4890 uon
1721 4843 1810 4890 reco-

1060 4922 1173 4985 lendae
1203 4923 1378 4985 memoriae
1408 4923 1602 5001 Symmachi,
1631 4938 1712 5000 quae
1734 4925 1810 4985 inci-

1060 5016 1121 5093 pit:
1140 5016 1211 5078 Noo
1226 5017 1310 5086 licet,
1324 5033 1357 5078 ac
1373 5016 1460 5077 Pauli
1475 5015 1510 5077 ll.
1525 5017 1809 5094 praedecessorum

1060 5125 1189 5186 quoquo
1225 5119 1412 5172 nostrorum
1443 5111 1482 5172 de
1518 5110 1615 5172 rebus
1651 5111 1810 5173 Ecclesiae

1060 5219 1124 5265 nou
1159 5203 1333 5266 alienandis
1367 5211 1399 5265 et
1433 5203 1600 5281 quibusvis
1635 5203 1703 5265 aliis
1739 5219 1810 5280 apo-

1058 5297 1178 5359 stolicis
1209 5313 1244 5358 ac
1276 5297 1515 5358 universalibus
1547 5296 1811 5374 provincialibus-

1060 5403 1123 5466 que
1145 5397 1178 5451 et
1198 5389 1404 5468 synodalibus
1427 5389 1570 5451 conciliis
1600 5389 1693 5451 editis
1714 5405 1811 5466 gene·

1060 5483 1179 5546 ralibus
1201 5485 1253 5547 vel
1276 5485 1466 5564 specialibus
1482 5483 1763 5546 constitutionibus
1779 5491 1811 5544 et

1061 5577 1325 5652 ordinationibus,
1350 5597 1383 5640 ac
1409 5591 1688 5656 quarumcumque
1711 5576 1810 5639 eccle-

1060 5671 1191 5742 siarum,
1223 5673 1493 5735 monasteriorum
1517 5677 1549 5732 et
1577 5670 1722 5732 locorum
1745 5671 1811 5747 pio·

1061 5782 1134 5827 rum
1166 5765 1415 5836 fundationibus,
1440 5783 1474 5828 ac
1497 5765 1592 5826 etiam
1615 5765 1808 5836 iuramento,

1061 5857 1305 5918 confirmatione
1334 5856 1505 5934 apostolica
1535 5860 1587 5921 vel
1615 5859 1727 5934 quavis
1757 5859 1810 5918 llr·

1061 5950 1170 6012 mitate
1199 5949 1257 6011 alia
1285 5949 1443 6012 roboratis
1472 5953 1597 6013 statutis
1620 5960 1652 6014 et
1680 5968 1811 6014 consue-

1730 573 1787 634 lltt
1843 573 1895 629 hu.
1908 572 1937 630 G.
1952 571 2021 628 lita
