4814 6998
861 606 1052 656 TRAGTATUS
1073 605 1131 652 SEU
1153 605 1367 652 CRNCORDRTA

334 730 468 792 adhunc
483 729 581 792 linem
593 728 757 794 Gubernio
773 743 902 806 operam
914 726 1085 789 auxilium·

334 837 397 900 que
418 829 611 900 praestante.

258 945 260 951 2
373 915 441 978 tiri.
466 915 547 978 lilii.
571 915 645 978 Post
668 916 773 978 divina
804 915 905 978 officia
927 915 960 978 in
983 913 1086 976 omni·

334 1008 391 1070 bus
422 1007 626 1087 Reipublicae
658 1007 847 1086 Aequatoris
878 1006 1006 1085 templis
1037 1023 1084 1068 se-

333 1117 436 1178 quens
459 1102 646 1166 recitabitur
670 1103 787 1164 oratio:

373 1195 523 1265 Domine,
546 1197 671 1260 aularum
700 1195 755 1276 (ac
783 1192 1019 1274 Rempubiicam
1046 1225 1083 1240 -

335 1291 476 1360 Domine,
498 1291 624 1353 scieura
644 1291 699 1370 [ac
722 1289 905 1352 Praesidem
927 1288 1005 1350 eirca.

372 1383 441 1445 llrt.
464 1383 559 1446 lilill.
582 1383 783 1447 Gubernium
800 1381 1004 1460 Reipublicae
1027 1381 1085 1444 Ae·

332 1479 475 1556 quateris
497 1476 693 1555 obligatione
725 1494 760 1540 se
789 1476 962 1553 obstringit
990 1476 1027 1538 ad
1053 1493 1085 1536 o-

333 1572 418 1633 mnia
441 1579 620 1650 opportuna
643 1571 811 1633 tribuenda
834 1569 950 1632 auxilia
973 1584 1030 1647 pro
1050 1571 1083 1631 fi-

332 1667 383 1730 dei
400 1667 640 1745 propagatione,
657 1673 690 1726 et
703 1680 759 1742 pro
783 1664 961 1726 infidelium
978 1664 1010 1726 in
1026 1680 1084 1726 sno

332 1759 496 1822 territorio
522 1759 710 1835 degentium
738 1758 969 1828 conversione,
993 1765 1026 1818 et
1046 1758 1084 1820 ad

332 1870 462 1915 omnem
489 1852 711 1930 praestantiam
742 1867 835 1929 opem
863 1850 1084 1928 auxiliumque

332 1946 522 2008 institutioni
546 1953 578 2006 et
600 1944 785 2023 progressui
818 1960 980 2006 sacrarum
1012 1944 1085 2004 mis-

331 2041 471 2111 sionum,
495 2055 576 2116 quae
599 2039 635 2100 ad
660 2039 745 2100 bunc
767 2037 958 2100 laudabilem
986 2038 1083 2098 linem

331 2134 407 2197 illuc
442 2133 630 2197 auctoritate
667 2132 779 2196 Sacrae
816 2131 1084 2210 congregationis

331 2227 555 2305 Propagandae
577 2225 664 2288 Fidei
687 2226 871 2288 mittuntur.

371 2318 441 2379 Art.
465 2315 573 2380 lllllll.
597 2317 728 2383 Cetera,
752 2331 832 2393 quae
864 2317 900 2378 ad
935 2333 1085 2394 personas

330 2423 364 2476 et
385 2429 437 2474 res
467 2411 694 2474 ecclesiasticas
727 2411 909 2488 pertinent,
943 2425 1082 2487 quorum

331 2505 418 2568 nulla
439 2505 472 2566 in
496 2505 544 2566 bis
566 2503 707 2565 articulis
721 2505 843 2566 mentio
859 2503 938 2565 lacta
959 2513 1018 2576 est,
1037 2505 1084 2566 di-

331 2600 480 2676 rigentur
496 2598 602 2661 omnia
617 2607 649 2659 et
664 2597 974 2660 administrabuntur
996 2597 1082 2660 iuxta

331 2693 514 2756 canonicam
536 2697 569 2752 et
583 2677 749 2768 vigentem
773 2691 931 2754 Ecclesiae
948 2691 1085 2767 discipli·

330 2802 403 2848 uam
426 2804 441 2847 a
464 2783 575 2847 Sancta
599 2784 681 2848 Sede
703 2785 920 2864 adprobatam.

370 2880 438 2942 Art.
454 2877 566 2942 xxiv.
591 2879 651 2941 Per
674 2879 754 2942 lianc
772 2879 1020 2942 conventionem
1040 2879 1082 2940 le·

331 2990 386 3052 ges
408 2981 440 3036 et
461 2973 588 3038 decreta
610 2973 725 3050 quovis
749 2973 844 3034 modo
867 2979 899 3034 et
926 2971 1028 3034 torma
1050 2973 1082 3034 in

329 3067 501 3146 Republica
537 3065 726 3141 Aequatoris
757 3065 911 3128 hactenus
943 3065 1020 3138 lata,
1051 3067 1082 3128 in

330 3169 486 3239 quantum
510 3159 615 3222 eidem
637 3158 844 3221 conventioni
859 3159 1081 3230 adversantur,

329 3255 479 3332 abrogata
502 3253 673 3324 habentur,
689 3260 785 3328 atque
801 3252 878 3314 haec
895 3253 988 3316 unice
1010 3269 1084 3314 con·

329 3351 439 3412 ventio
461 3355 498 3410 ut
519 3348 572 3412 len
587 3356 687 3410 status
709 3347 859 3424 deinceps
879 3361 1010 3424 semper
1032 3347 1084 3408 ba·

332 3443 470 3506 bebitur.
491 3442 596 3520 atque
611 3441 725 3504 iccirco
741 3449 878 3518 utraque
893 3440 1083 3502 contraben-

331 3539 411 3600 tium
435 3553 507 3615 pars
523 3537 660 3614 spondet
673 3552 708 3598 se
723 3551 992 3612 successoresque
1008 3552 1084 3597 suos

330 3632 437 3694 omnia
460 3639 492 3693 et
512 3629 650 3707 singula,
675 3630 714 3692 de
737 3629 854 3706 quibus
886 3637 1082 3691 conventum

331 3733 390 3796 est,
413 3731 522 3786 sancte
538 3733 734 3785 servaturos.
759 3724 792 3786 Si
815 3739 876 3800 quc
891 3723 1015 3785 veroin
1031 3740 1084 3801 po-

330 3829 454 3882 sterum
476 3818 706 3896 supervenerit
726 3817 904 3890 difficultas,
929 3815 1083 3880 Sanctitas

331 3909 393 3975 Sua
415 3923 448 3974 et
469 3911 599 3972 Praeses
626 3910 816 3988 Aequatoris
842 3911 982 3972 invicem
1011 3927 1084 3972 con-

330 4006 438 4068 terent
458 4005 496 4066 ad
518 4020 588 4066 rem
611 4005 711 4066 amice
733 4004 1001 4082 componendam.

370 4099 439 4161 Art.
456 4097 553 4162 xxi.
571 4099 805 4161 Ratilicationes
821 4099 997 4175 praesentis
1013 4101 1085 4162 red·

329 4195 463 4258 actionis
479 4193 700 4264 concordatus,
715 4208 798 4254 anno
811 4208 985 4254 unccccnn
1001 4193 1083 4264 initi,

332 4297 445 4350 mutuo
473 4288 640 4350 tradentur
669 4288 765 4348 unius
795 4286 868 4348 anni
890 4287 1007 4364 spatio,
1031 4293 1085 4348 aut

331 4381 435 4455 citius,
459 4382 485 4443 si
509 4381 579 4443 lieri
602 4381 730 4459 poterit.

371 4475 405 4538 ln
428 4491 567 4553 quorum
591 4476 688 4536 tidem
711 4475 863 4552 praedicti
880 4474 1084 4552 Plenipoten·

331 4570 413 4632 tiarii
429 4569 590 4648 praesenti
605 4569 687 4630 actui
702 4568 963 4645 subscripserunt
978 4567 1084 4630 illurn-

331 4679 394 4741 que
415 4679 474 4726 suo
496 4665 633 4741 quisque
655 4661 763 4740 sigillo
785 4661 977 4738 obsignavit.

371 4757 484 4820 ilatum
498 4754 581 4830 Quiti
599 4756 649 4818 die
664 4771 688 4816 11
706 4755 779 4817 maii
795 4771 846 4816 an.
863 4772 1082 4818 nnacauxxrn.

411 4876 549 4953 inulas.

564 4997 692 5059 Manius
714 4997 810 5060 lircil.
836 4997 1039 5060 Hectoreum.

563 5092 723 5155 Cannutio
745 5093 781 5154 E.
807 5092 978 5154 Vennnzn.

371 5241 416 5302 Lo
437 5241 576 5302 scambio
599 5242 683 5303 delle
706 5241 850 5304 ratiilcbe
880 5241 961 5303 ebbe
984 5241 1083 5318 luogo

330 5334 353 5396 il
374 5331 414 5396 30
435 5349 545 5396 marzo
569 5333 656 5397 1882.

672 5489 756 5496 —-...

412 5601 485 5664 PRO
507 5601 729 5664 REPUBLIGR
752 5601 1002 5676 auounvouls

437 5693 665 5759 GONVENTIO
684 5694 973 5759 teutmundus,

334 5883 504 5948 Goaccutio
516 5883 727 5946 additionalis
738 5889 823 5946 iuter
838 5883 869 5945 S.
884 5882 992 5947 Sedent
1004 5884 1083 5964 Apa·

369 5978 515 6041 etolicaut
536 5984 566 6038 et
590 5973 786 6042 Guberuium
809 5976 1011 6058 Reipublicae
1026 5979 1082 6040 Ae-

1817 585 1877 650 339

1178 723 1393 804 pretorianae
1406 739 1502 804 super
1516 721 1742 787 substitutione
1751 737 1807 784 seu
1817 738 1889 784 coa·

1179 817 1322 882 versiaue
1343 817 1552 882 decimarum.
1576 851 1596 862 -
1623 817 1727 878 1890.

1159 968 1193 1029 ln
1215 965 1353 1030 Nomine
1370 963 1425 1028 SS.
1443 973 1475 1028 et
1495 965 1681 1028 individuae
1697 963 1870 1026 Trinitatis.

1179 1101 1333 1164 Summus
1365 1099 1513 1165 Pontifex
1544 1099 1609 1162 Leo
1632 1098 1699 1160 lllll
1728 1105 1760 1160 et
1787 1099 1893 1162 excel·

1138 1196 1336 1259 lentissimae
1350 1195 1498 1258 dominus
1510 1193 1669 1258 Antonius
1680 1193 1789 1255 Flores
1801 1193 1893 1255 Prae·

1138 1306 1188 1351 ses
1217 1289 1420 1366 Reipublicae
1451 1287 1722 1364 Aequatorianae,
1749 1292 1891 1350 statuere

1138 1382 1304 1460 cupientes
1336 1383 1500 1444 communi
1530 1381 1701 1457 utriusque
1732 1395 1892 1444 consensu

1139 1493 1268 1540 normas
1281 1475 1475 1540 necessarias
1486 1481 1519 1538 et
1529 1473 1727 1538 definitivam
1740 1473 1893 1536 substitu-

1140 1571 1260 1633 tionem
1284 1569 1336 1632 vel
1358 1569 1606 1632 conversionem
1628 1568 1836 1639 decimarum,
1854 1567 1891 1629 ad

1139 1680 1233 1741 quarn
1247 1662 1389 1726 retertur
1402 1661 1555 1724 articulus
1567 1660 1607 1724 lll
1620 1675 1722 1722 novae
1734 1659 1892 1724 iormulae

1138 1757 1320 1820 concordati
1342 1755 1540 1833 conscriptae
1562 1769 1647 1816 anno
1672 1770 1891 1826 nuccccnxrr,

1138 1851 1310 1930 specialem
1337 1853 1376 1914 de
1403 1867 1438 1912 ea
1469 1865 1504 1910 re
1534 1848 1784 1912 conventionem
1810 1847 1893 1911 inire

1139 1944 1389 2014 constituerunt,
1408 1950 1542 2020 eiusque
1565 1943 1612 2004 rei
1634 1959 1725 2004 cansa
1748 1942 1894 2020 Plenipo-

1140 2037 1305 2100 tentiarios
1327 2038 1407 2100 duos
1429 2037 1656 2112 nominarunt;
1680 2035 1802 2100 scilieet
1817 2036 1893 2098 San-

1139 2134 1228 2196 ctitas
1250 2131 1330 2204 Son,
1355 2131 1651 2193 eminentissimum
1679 2137 1712 2192 et
1740 2145 1893 2192 reveren·

1138 2227 1307 2290 dissimum
1321 2226 1488 2288 domiuum
1500 2224 1702 2287 Cardinalem
1715 2223 1890 2287 Marianum

1137 2321 1301 2399 Rampolla
1323 2321 1362 2382 de
1384 2319 1522 2380 Tindaro
1545 2319 1730 2382 ministrum
1756 2335 1852 2380 suum
1877 2337 1893 2382 a

1138 2413 1273 2492 publicis
1296 2413 1446 2490 negotiis,
1471 2422 1503 2472 et
1525 2411 1817 2475 excellentissimus
1838 2413 1892 2474 do-

1139 2508 1245 2570 minus
1261 2508 1391 2570 Praeses
1408 2505 1611 2583 Reipublicae
1626 2506 1890 2583 Aequatorianae,

1138 2601 1395 2664 illustrissimum
1420 2601 1454 2662 lt.
1472 2599 1646 2662 Leonidam
1662 2599 1698 2662 ll.
1716 2599 1832 2662 Larrea
1847 2601 1892 2664 le-

1139 2702 1247 2774 gatum
1279 2695 1316 2756 ad
1352 2695 1481 2771 negotia
1511 2693 1658 2756 eiusdem
1688 2693 1892 2772 Reipublicae
1956 2770 1960 2780 Α

1138 2789 1279 2867 gerenda
1303 2803 1399 2866 penes
1423 2787 1568 2850 Sanctam
1586 2785 1723 2850 Sedem:
1744 2789 1799 2865 qui
1815 2789 1890 2861 duo,

1139 2881 1260 2948 traditis
1282 2882 1422 2944 invicem
1438 2881 1551 2959 plenae
1567 2883 1732 2959 potestatis
1747 2882 1805 2945 sibi
1830 2883 1893 2946 eol·

1138 2977 1217 3040 latae
1241 2975 1476 3046 instrumentis,
1494 2989 1674 3052 eorumque
1695 2975 1799 3038 lorma
1821 2992 1893 3054 pro·

1138 3072 1218 3142 bata,
1242 3071 1275 3131 in
1297 3069 1421 3146 eosqui
1444 3078 1626 3145 sequuntur
1645 3069 1797 3133 articulos
1818 3084 1892 3133 con·

1138 3170 1324 3228 senserunt.

1178 3260 1247 3322 Art.
1270 3259 1293 3320 l.
1317 3257 1351 3320 ln
1373 3257 1546 3336 Republica
1568 3256 1801 3334 nequatoriana
1818 3253 1892 3320 subss

1136 3355 1312 3418 stituentnr
1344 3351 1486 3414 decimae
1508 3351 1561 3414 vel
1592 3358 1826 3415 convertentur
1858 3351 1891 3414 in

1138 3447 1410 3511 contributionem
1430 3444 1623 3524 praedialem
1638 3444 1738 3509 trium
1751 3461 1809 3524 pro
1821 3447 1893 3509 mil·

1138 3541 1179 3612 le,
1203 3557 1261 3603 seu
1285 3540 1427 3616 triginta,
1445 3539 1492 3603 uti
1511 3539 1611 3612 aiunt,
1628 3544 1776 3602 ceutaoos
1799 3556 1892 3602 num·

1140 3650 1267 3697 morum
1284 3632 1430 3710 quolibet
1445 3648 1528 3694 anno
1544 3648 1601 3710 pro
1617 3633 1800 3711 quibusque
1818 3649 1890 3696 ceu·

1139 3730 1221 3792 tenis
1243 3743 1352 3790 sacres
1367 3726 1462 3790 realis
1479 3727 1573 3806 pretii
1590 3728 1787 3792 rusticorum
1803 3743 1892 3806 prae·

1138 3824 1278 3886 diorum.
1299 3821 1511 3900 Excipiuntur
1527 3821 1564 3882 ab
1580 3821 1637 3883 bac
1652 3821 1906 3884 contributione-

1139 3917 1265 3996 praedia
1287 3931 1427 3993 quorum
1458 3916 1598 3993 pretium
1625 3915 1661 3977 ad
1688 3923 1818 3978 centum
1839 3931 1892 3977 su·

1138 4027 1205 4072 ares
1228 4025 1291 4072 non
1315 4009 1494 4080 extollitur,
1518 4008 1659 4072 aedilicia
1683 4009 1819 4087 praediis
1841 4025 1894 4071 ru·

1138 4104 1224 4166 sticis
1239 4103 1360 4164 adnexa
1380 4109 1412 4164 et
1427 4102 1612 4164 habitationi
1635 4102 1802 4174 destinata,
1819 4119 1891 4164 nec-

1139 4213 1203 4259 non
1225 4196 1437 4275 plantationes
1459 4195 1667 4258 tbeobromae
1688 4193 1829 4274 (cocao).

1179 4291 1248 4352 Art.
1260 4289 1296 4351 ll.
1310 4289 1392 4352 llaec
1404 4287 1571 4366 praedialis
1583 4289 1780 4352 contributio
1792 4289 1891 4350 trium

1138 4385 1171 4446 in
1193 4383 1320 4461 singula
1344 4382 1442 4444 millia
1467 4383 1529 4443 erit
1551 4382 1584 4444 in
1606 4381 1769 4444 exclusiva
1785 4381 1892 4444 Eccle-

1138 4479 1202 4540 siae
1232 4477 1446 4556 proprietate,
1470 4493 1529 4538 nec
1552 4476 1670 4554 poterit
1690 4475 1890 4538 Gubernium

1138 4572 1231 4634 aliam
1260 4571 1330 4633 loco
1359 4570 1427 4632 eius
1456 4569 1623 4641 suiilcere,
1652 4583 1765 4632 eamve
1787 4569 1893 4632 immi·

1139 4682 1241 4729 nuere
1257 4674 1311 4728 aut
1326 4666 1499 4726 immutare
1516 4664 1636 4728 directe
1653 4663 1705 4725 vel
1722 4661 1889 4736 indirecte,

1139 4760 1200 4820 nisi
1223 4757 1335 4822 Sancta
1355 4757 1455 4821 Sedes
1477 4756 1689 4820 consenserit.

1178 4853 1248 4914 lirt.
1265 4852 1314 4914 lll.
1338 4851 1442 4926 Quum
1461 4851 1639 4930 prudenter
1655 4849 1890 4928 praevideatur,

1139 4947 1280 5009 reditum
1313 4945 1560 5008 contributionis
1594 4943 1760 5021 praedialis
1794 4943 1892 5004 trium

1138 5041 1170 5102 iu
1194 5041 1321 5119 singula
1343 5039 1442 5102 millia
1464 5041 1600 5117 nequire
1620 5039 1653 5102 in
1671 5054 1820 5118 praesens
1842 5054 1892 5099 ae-

1138 5152 1237 5213 quare
1259 5151 1419 5198 summam
1441 5135 1586 5198 dolandis
1603 5134 1803 5197 dioecesibus
1821 5133 1893 5196 Rei-

1139 5231 1283 5309 publicae
1297 5229 1549 5307 teqnatorianae
1563 5229 1796 5307 praestitutam,
1810 5242 1891 5306 quae

1138 5341 1276 5386 annuam
1299 5323 1365 5385 viru
1387 5322 1515 5400 attingit
1544 5337 1755 5385 nummorum
1783 5337 1892 5384 suares

1137 5415 1323 5490 suaserat
1349 5417 1596 5498 (comprehensa
1628 5415 1767 5478 dioecesi
1789 5415 1892 5477 llaua·

1139 5509 1267 5590 biensi),
1295 5509 1495 5574 Guberninm
1522 5509 1681 5587 promittit
1705 5507 1890 5587 suppletum

1138 5607 1188 5678 iri,
1213 5604 1298 5682 quod
1321 5605 1438 5675 delicit,
1463 5619 1519 5682 per
1543 5603 1699 5666 tributum
1722 5605 1892 5680 quodiam

1138 5706 1225 5762 extat
1246 5697 1451 5775 singulorum
1474 5713 1685 5760 nummorum
1709 5713 1766 5776 pro
1790 5697 1893 5760 mille-

1138 5793 1187 5854 nis
1209 5791 1403 5869 quibusque,
1426 5805 1543 5853 verum
1566 5807 1625 5870 pro
1647 5807 1682 5854 ea
1704 5797 1793 5869 parte
1826 5797 1893 5852 tan·

1139 5893 1207 5948 tum
1230 5901 1311 5962 qnae
1334 5885 1461 5961 praedia
1482 5885 1600 5947 rustica
1622 5883 1780 5962 percellit,
1798 5899 1893 5946 reva-

1137 5987 1201 6042 cata
1225 5978 1370 6042 cessione
1392 5980 1565 6057 provinciis
1587 5977 1729 6055 indulta;
1753 5994 1812 6042 nec
1827 5993 1892 6040 non
