4836 7002
301 1483 354 1540 An.
367 1484 396 1542 G.
411 1484 479 1542 istis

1043 526 1107 570 iun.
1132 525 1223 571 ΡΟΝΤ.
1248 526 1287 570 bs
1310 526 1339 570 Ρ.
1364 526 1393 572 it.
1418 527 1501 572 PARS
1523 529 1543 574 i.

1109 1023 1218 1104 ritis
1249 1024 1377 1102 ΡΑΡΑ
1407 1024 1482 1104 llil.

880 1487 902 1548 i.

521 1676 641 1755 Templo
686 1675 971 1752 Hierosotpmttnnu
1012 1674 1265 1736 Resurrectionem

556 1768 740 1830 Domirrirce
750 1768 889 1849 flammis
903 1774 1098 1848 coassumpto,
1112 1767 1265 1832 incolumi

555 1863 772 1924 inmanitates
798 1860 947 1942 [dommus
975 1867 1124 1924 monente
1152 1860 1182 1924 S.
1215 1860 1265 1923 Se-

551 1955 675 2035 pulcro,
700 1955 821 2017 oscitat
847 1953 1024 2034 principem
1047 1953 1208 2017 Brasilicc
1228 1961 1266 2016 ut

552 2046 728 2112 subsidium
750 2047 896 2126 conserat
917 2064 957 2109 car
977 2047 1063 2127 rapio
1079 2049 1207 2110 nesorio
1223 2049 1264 2112 cd

552 2143 634 2206 idem
657 2141 804 2222 templum
826 2158 942 2204 rursus
966 2141 1181 2204 astruendum
1205 2143 1261 2222 (i).

514 2328 719 2395 Dilectissimo
742 2329 769 2392 in
793 2326 912 2394 cbristo
935 2327 1000 2394 lilio
1030 2333 1136 2394 nostro
1160 2327 1260 2394 loanni

553 2423 677 2508 principi
705 2421 855 2488 Brasiliae
879 2422 906 2488 in
930 2420 1136 2505 portugalliae
1159 2427 1191 2487 et
1213 2421 1262 2488 bl·

553 2517 720 2600 parbiorum
744 2515 847 2599 regnis
870 2516 1000 2598 repenti,

758 2701 845 2806 erus
868 2703 930 2770 aa.
954 2702 1013 2769 vir.

590 2891 795 2958 Dilectissimo
816 2893 844 2958 in
860 2889 981 2958 Dbrlsto
999 2891 1042 2958 lili
1063 2897 1179 2971 noster,

542 2986 671 3054 salutem
694 2992 725 3053 et
747 2986 946 3070 apostolicam
970 2986 1224 3054 benedictionem.

549 3176 595 3238 Ad
612 3183 744 3248 ceteras,
762 3175 877 3252 quibus
899 3175 966 3238 dies
990 3183 1166 3254 noctesque
1188 3193 1260 3256 pre·

509 3270 640 3341 mimur,
654 3269 813 3331 molestias
825 3275 920 3346 atque
932 3269 1028 3332 animi
1041 3269 1259 3347 aegritudines

508 3362 566 3423 alia
589 3379 674 3424 nunc
689 3362 828 3432 accessit,
846 3377 928 3438 quae
946 3362 982 3424 ad
999 3379 1057 3424 nos
1073 3363 1191 3441 perlata
1211 3372 1259 3426 est

509 3471 565 3533 per
580 3459 706 3519 tristem
724 3457 889 3527 nuncium,
907 3471 947 3516 ex
960 3470 1023 3532 quc
1036 3457 1257 3519 intelleximus

507 3549 675 3626 antiquum
698 3556 730 3611 et
745 3549 952 3624 magnificum
967 3549 1124 3627 templum
1141 3550 1257 3612 Resur-

508 3643 658 3705 rectionis
680 3641 894 3714 Hierusalem,
918 3643 951 3704 in
977 3657 1041 3719 quo
1064 3641 1254 3722 Sepulcrum

507 3737 633 3798 Domini
665 3736 767 3798 nostri
796 3735 866 3798 lesu
893 3735 1010 3798 Glrristi
1037 3737 1254 3811 claudebatur,

505 3830 665 3903 incendio,
687 3831 756 3892 sive
778 3829 899 3891 incuria
921 3845 1046 3902 casuve,
1064 3829 1131 3891 sive
1154 3831 1257 3893 bomi-

506 3939 581 3984 num
601 3924 720 3985 malitia
735 3923 882 3994 excitato,
900 3923 999 3984 luisse
1015 3932 1254 4002 consumptum.

505 4016 623 4078 Tecu'rn
647 4018 713 4096 ipse
735 4025 858 4094 reputa,
883 4016 1088 4078 dilectissime
1111 4019 1143 4078 in
1165 4017 1255 4080 Glari-

504 4117 554 4172 sto
576 4109 620 4172 llli
643 4117 765 4180 noster,
789 4124 853 4186 quo
875 4125 1024 4171 moerore
1045 4109 1256 4173 lamentabilis

505 4203 555 4265 bic
571 4211 707 4266 eventus
721 4202 847 4265 allicere
863 4202 959 4266 debet
973 4204 1095 4265 animos
1109 4204 1253 4267 omnium

504 4297 751 4358 christianorum
765 4313 800 4358 ac
815 4296 1004 4373 praesertim
1021 4304 1181 4369 nostrum,
1200 4299 1253 4375 qui

504 4389 660 4466 singulari
683 4389 737 4450 Dei
764 4389 920 4452 beneficio
949 4397 1139 4452 cunctorum
1170 4393 1254 4469 regi-

504 4481 581 4544 mini
599 4483 769 4560 praepositi
785 4499 908 4544 sumus.
927 4483 961 4544 ln
977 4483 1038 4545 lroc
1054 4491 1141 4546 tauto
1156 4485 1252 4548 inior-

504 4576 594 4638 tuuio
616 4591 761 4652 magnam
780 4583 886 4638 tamen
901 4577 1153 4640 consolationem
1169 4596 1254 4641 acce·

503 4670 620 4748 pimus,
639 4685 711 4731 cum
730 4669 892 4742 norimus,
910 4685 1034 4732 sacrum
1052 4670 1251 4750 Depositum,

502 4777 696 4839 quamquam
719 4769 804 4824 esset
827 4763 971 4840 undique
987 4763 1063 4840 igue
1078 4766 1253 4828 circumda·

502 4862 582 4928 tum,
608 4871 682 4917 cum
710 4856 848 4916 maxima
876 4856 1021 4918 omnium
1042 4858 1252 4921 admiratione

501 4949 664 5012 incolume
686 4947 784 5011 luisse
815 4957 991 5012 servatum.
1024 4949 1156 5012 Interim
1179 4969 1251 5014 cum

501 5043 570 5105 sinc
598 5059 726 5105 summo
748 5042 860 5105 dolore
881 5043 1024 5120 cogitare
1039 5059 1249 5121 nequeamus,

501 5139 585 5214 quod
617 5145 680 5199 lam
702 5136 830 5213 insigne
861 5153 895 5198 ac
918 5136 1096 5214 pretiosum
1125 5138 1251 5200 redem·

500 5229 617 5308 ptionis
632 5236 760 5292 nostrae
776 5239 1037 5303 monumentum,
1062 5231 1146 5307 quod
1169 5248 1251 5294 sem-

500 5340 557 5402 por
579 5323 690 5386 fideles
717 5339 830 5386 omnes
856 5323 1014 5402 singulari
1041 5325 1250 5389 veneratione

499 5417 688 5494 prosequuti
709 5423 795 5488 sunt,
820 5417 910 5479 cuius
934 5417 1032 5493 gratia
1065 5433 1168 5480 sacras
1197 5434 1250 5497 pe·

499 5509 734 5586 regrinationes
762 5516 990 5587 susceperunt,
1022 5511 1108 5587 quod
1130 5511 1250 5588 gravis-

498 5604 588 5664 simis
609 5603 762 5681 impensis
784 5603 953 5681 multoque
975 5603 1077 5665 etluso
1092 5603 1249 5680 sanguiue

498 5695 662 5760 christiani
694 5695 853 5775 principes
888 5696 1126 5769 detonderunt,
1163 5698 1249 5775 quod

539 5915 569 5969 (lp
586 5915 621 5957 bix
637 5915 700 5970 Reg.
716 5914 797 5959 vatic.
813 5913 857 5958 l'oi.
872 5916 918 5957 liti.

1292 1487 1295 1552 l
1320 1505 1451 1566 semper
1482 1489 1712 1552 sollicitudines
1740 1499 1773 1552 et
1802 1507 1893 1552 curas
1926 1491 2073 1552 exercuit
2108 1487 2160 1544 An.
2174 1487 2203 1544 G.
2218 1487 2290 1546 1809

1320 1598 1523 1644 summorum
1548 1583 1750 1656 Pontificum,
1774 1601 1859 1646 nunc
1885 1584 2068 1662 neglectum

1323 1683 1449 1738 maneat
1469 1691 1502 1740 ac
1526 1683 1707 1755 temporum
1732 1676 1859 1738 iniuriis
1881 1675 2068 1748 obnoxium,

1321 1786 1385 1831 uon
1414 1769 1519 1830 solum
1542 1769 1749 1832 contribuere
1770 1771 1941 1831 statuimus
1962 1769 1998 1831 ad
2021 1786 2070 1832 re·

1320 1862 1549 1924 aedificandum
1573 1861 1744 1939 templum,
1774 1862 1929 1940 quidquid
1958 1870 2070 1924 tenues
2159 1919 2164 1928 .

1319 1965 1445 2019 nostrae
1469 1956 1633 2033 patiuntur
1654 1956 1751 2029 viros,
1779 1957 1833 2018 scu
1853 1957 1957 2018 ,etiam
1986 1956 2055 2018 enci

1320 2056 1386 2111 tare
1408 2049 1511 2111 studia
1533 2059 1565 2114 et
1580 2049 1731 2126 pietatem
1748 2056 1816 2110 turn
1834 2049 2068 2110 venerabilium

1318 2143 1454 2205 fratrum
1479 2143 1722 2221 Episcoporum,
1746 2151 1815 2204 tum
1832 2143 1975 2205 omnium
1994 2143 2069 2224 tide·

1319 2236 1408 2308 lium,
1435 2243 1468 2298 ut
1491 2237 1549 2314 piis
1573 2236 1796 2313 largitionibus
1819 2237 1897 2297 dent
1925 2251 2067 2314 operam,

1317 2337 1437 2392 uttam
1460 2338 1605 2394 sanetum
1628 2346 1706 2408 opus
1728 2330 1922 2408 perficiatur.
1957 2329 2069 2407 quue

1318 2424 1430 2500 magis,
1454 2425 1528 2502 quia
1550 2423 1642 2486 valde
1669 2424 1848 2486 timendum
1869 2429 1919 2485 est
1939 2439 1979 2484 ne
1996 2423 2068 2486 bac-

1317 2517 1407 2578 retici
1436 2525 1468 2578 et
1496 2517 1704 2588 schismatici,
1735 2518 1790 2594 qui
1816 2531 1945 2594 semper
1973 2517 2067 2577 buius

1318 2609 1426 2688 templi
1451 2613 1687 2689 possessionem
1706 2611 1835 2688 adipisci
1858 2611 2066 2681 studuerunt,

1316 2702 1394 2766 illud
1428 2705 1494 2766 suis
1517 2703 1698 2782 sumptibus
1721 2703 1926 2767 reaedificare
1952 2703 2065 2774 velint,

1316 2813 1355 2858 en
1377 2813 1481 2875 coque
1503 2797 1674 2860 catholicos
1696 2797 1873 2876 expellere,
1896 2797 1981 2874 quod
1998 2813 2067 2874 gra-

1315 2889 1483 2952 vissimum
1508 2890 1599 2952 nobis
1621 2890 1751 2952 alierret
1772 2889 1910 2952 dedecus
1933 2897 1965 2951 et
1980 2906 2065 2952 moe-

1316 3000 1436 3046 rorem.
1461 2983 1520 3046 Sed
1545 2984 1630 3046 unde
1652 2985 1685 3044 in
1708 2983 1818 3060 primis
1849 2998 1941 3060 opem
1972 2999 2053 3062 expe

1315 3084 1400 3140 ctare
1422 3079 1590 3149 debemus,
1621 3078 1680 3140 nisi
1710 3093 1779 3138 eam
1807 3076 2007 3154 postulamus
2028 3079 2066 3141 ab

1314 3171 1364 3242 iis,
1387 3172 1442 3249 qui
1464 3171 1624 3250 principes
1646 3171 1805 3232 Ecclesiae
1828 3170 1884 3231 tilii
1913 3178 1999 3243 sunt,
2024 3178 2067 3233 at·

1315 3280 1377 3341 que
1400 3283 1416 3326 a
1439 3273 1470 3326 te
1491 3265 1667 3343 speciatim,
1692 3264 1899 3326 dilectissime
1921 3265 1954 3326 in
1976 3265 2066 3327 Cirri-

1314 3365 1362 3419 sto
1385 3357 1430 3420 tili
1450 3366 1584 3431 noster,
1597 3358 1652 3434 qui
1674 3357 1827 3435 splendor
1849 3367 1880 3419 et
1896 3375 2066 3420 ornamen-

1314 3461 1383 3516 tum
1406 3455 1565 3518 Ecclesiae
1587 3471 1633 3525 es,
1651 3455 1771 3532 quique
1787 3455 1923 3518 eximiae
1939 3455 2064 3534 pietatis

1313 3565 1347 3609 ac
1375 3549 1542 3625 religionis
1570 3555 1617 3610 tot
1645 3548 1804 3627 praeclara
1834 3549 2064 3626 dedistiargu-

1313 3645 1441 3704 mental
1473 3642 1516 3704 Te
1548 3643 1648 3718 igitur
1679 3657 1830 3718 rogamus
1859 3657 1914 3720 per
1942 3643 2065 3704 viscera

1313 3735 1551 3798 misericordiae
1574 3735 1628 3796 Dei
1652 3735 1754 3796 nostri
1776 3734 1846 3796 lesu
1875 3734 2005 3812 Cltristi,
2029 3744 2065 3798 ut

1313 3830 1381 3890 eius
1410 3831 1600 3890 memoriam
1629 3827 1805 3890 iustissimo
1837 3828 1939 3890 cilicio
1967 3837 2063 3906 atque

1313 3937 1449 3984 munere
1464 3921 1678 4000 prosequaris,
1696 3922 1768 3982 dato
1782 3921 1902 3983 scilicet
1917 3937 1957 3983 ex
1973 3923 2063 3999 regio

1311 4017 1433 4078 aerario
1455 4016 1579 4078 liberali
1600 4015 1742 4078 subsidio
1758 4031 1816 4094 pro
1832 4015 2062 4078 reaedificando

1311 4109 1432 4188 templo
1464 4108 1495 4172 S.
1521 4109 1666 4188 Sepulcri
1695 4109 2060 4188 Redemptorisnostri,

1311 4204 1466 4266 nimirum
1489 4221 1546 4282 pro
1569 4204 1693 4265 honore
1715 4204 1783 4265 eius
1815 4204 1886 4276 loci,
1918 4205 1972 4266 ubi
2000 4213 2061 4267 ste·

1311 4305 1421 4362 terunt
1443 4299 1539 4376 pedes
1559 4299 1638 4360 eius.
1657 4296 1769 4361 Sciunt
1784 4313 1897 4360 omnes
1912 4313 1993 4376 quae
2010 4306 2061 4361 tua

1309 4393 1351 4454 sit
1372 4393 1471 4470 pictas
1492 4391 1701 4468 studiumque
1733 4391 1911 4468 religionis,
1935 4401 1968 4456 et
1989 4393 2061 4455 ideo

1310 4485 1456 4547 dubitare
1479 4501 1542 4546 uon
1565 4499 1748 4562 possumus,
1766 4487 1843 4562 quin
1861 4486 1965 4562 regias
1983 4502 2058 4564 opes

1309 4577 1341 4640 in
1373 4579 1434 4641 hoo
1466 4585 1529 4640 tam
1562 4585 1707 4640 sanctum
1736 4593 1815 4656 opus
1848 4579 2059 4642 libentissime

1308 4671 1483 4734 collaturus
1505 4672 1558 4742 sis,
1576 4689 1641 4734 non
1655 4671 1760 4734 solum
1777 4673 2005 4751 amplissimam
2021 4675 2060 4736 ab

1308 4773 1437 4828 auclore
1460 4766 1605 4827 omnium
1630 4768 1789 4828 bonorum
1812 4767 1877 4829 Deo
1893 4767 2059 4830 habiturus

1309 4859 1503 4929 mercedem,
1527 4859 1582 4920 sed
1612 4859 1707 4921 etiam
1737 4859 1997 4921 benemeriturus
2019 4861 2059 4922 de

1308 4951 1457 5012 omnibus
1489 4951 1687 5020 christianis,
1722 4951 1776 5027 qui
1810 4951 1870 5013 boc
1901 4952 2057 5029 templum

1307 5044 1501 5107 reaedificari
1524 5044 1738 5107 vehementer
1760 5045 1904 5122 cupiunt.
1935 5045 2059 5108 Postre-

1307 5153 1360 5200 mo
1385 5139 1460 5212 tibi,
1491 5137 1695 5201 dilectissime
1721 5139 1753 5199 in
1779 5138 1907 5202 Christo
1933 5139 1975 5200 lili
2003 5156 2058 5202 no-

1306 5237 1389 5303 ster,
1420 5230 1666 5294 benevolentiae
1691 5239 1820 5294 nostrae
1846 5232 1962 5310 pignus
1984 5248 2057 5311 apo-

1304 5324 1447 5387 stolicam
1471 5323 1728 5386 benedictionem
1755 5325 1974 5388 amantissime
1999 5325 2058 5388 im·

1306 5417 1476 5495 partimur.

1345 5511 1459 5572 Datum
1481 5511 1610 5584 Romae,
1639 5511 1721 5589 apud
1747 5511 1779 5574 S.
1805 5512 1934 5574 llariam
1963 5511 2056 5576 blaic-

1306 5620 1386 5676 rem,
1409 5605 1469 5666 sub
1491 5605 1610 5666 annulo
1632 5605 1809 5678 Piscatoris,
1827 5606 1878 5668 die
1900 5621 1993 5668 xxrrr.
2012 5607 2056 5668 ie-

1304 5697 1425 5759 bruarii
1448 5713 1615 5771 uncccrx„
1633 5699 1745 5777 pontii.
1764 5701 1864 5761 nostri
1880 5717 1931 5762 an.
1948 5717 1993 5762 rx.

1350 5835 1534 5846 -—
