4886 6986
738 611 762 672 A
968 621 1065 666 rsnux
1088 619 1331 665 annnaanrrcus
1540 605 1563 668 h
1887 605 1905 668 7

417 741 624 806 AGRIENSlS
645 741 819 820 Episcopus
841 741 996 803 edocetur
1017 737 1056 800 de
1075 752 1121 796 se·
1180 736 1226 812 gis
1248 737 1406 799 subiectas
1440 739 1625 800 extenditur
1656 739 1818 802 indultum
1850 742 1927 803 reci·

376 837 481 898 cundo
503 835 650 898 mulieris
673 836 709 898 ad
740 833 912 897 Ecclesiam
936 830 1120 893 catholicam
1180 830 1265 892 tandi
1280 827 1422 892 Officium
1448 839 1480 894 et
1500 831 1682 895 celebrandi
1700 833 1821 896 Missam
1839 853 1864 896 s.
1881 837 1926 898 lo-

376 943 551 990 conversae
574 929 780 992 matrimonio
802 927 854 997 Ν,
877 927 946 988 336.
1179 923 1269 1001 sephi
1306 923 1362 994 Ν,
1396 923 1475 998 232,
1513 925 1652 988 Licentia
1687 929 1834 1006 erigendi
1867 940 1926 994 sta-

417 1021 766 1084 ALBhE-IULIENSIS
792 1021 973 1096 provinciae
996 1019 1123 1080 laudan·
1179 1015 1282 1078 tiones
1309 1015 1380 1078 Viae
1411 1016 1521 1080 Crucis
1550 1027 1610 1081 etc.
1635 1019 1685 1092 Ν,
1709 1021 1785 1094 298;
1817 1023 1927 1087 Licen-

378 1125 430 1178 tur
444 1118 610 1181 Antistites
633 1118 748 1179 desua
771 1117 854 1178 Petri
877 1116 1039 1177 doctrinae
1061 1120 1121 1174 etc.
1180 1110 1220 1170 tia
1242 1110 1400 1172 alienandi
1430 1112 1510 1173 bona
1539 1113 1666 1190 piorum
1696 1115 1839 1179 locorum
1864 1128 1924 1181 etc.

376 1211 567 1274 adhaesione
589 1227 620 1271 r.
648 1209 911 1286 Vraasyleartiae.
1179 1202 1230 1273 Ν,
1254 1203 1323 1264 llil.

416 1303 615 1366 hLBthhE
639 1304 795 1382 Episcopo
818 1303 927 1380 plures
949 1303 1064 1364 dantur
1086 1301 1121 1362 ad
1219 1328 1255 1342 -
1279 1296 1464 1376 Septemtr.:
1492 1299 1633 1366 hlahame
1656 1304 1809 1368 dioecesis
1832 1309 1928 1385 erigi-

376 1400 635 1476 quinquennium
658 1397 832 1468 facultates,
853 1397 946 1458 etiam
964 1397 996 1457 in
1012 1395 1124 1458 vicinis
1182 1399 1233 1452 tur
1249 1393 1300 1464 Ν,
1319 1393 1377 1454 716
1397 1391 1448 1473 Ν.
1467 1396 1561 1457 etiam
1585 1397 1719 1462 interius
1736 1399 1924 1482 Missisipii).

376 1493 575 1554 dioecesibus
598 1491 793 1554 exercendas
816 1499 876 1553 etc.
901 1491 923 1561 1,
947 1490 996 1566 t3;
1021 1491 1123 1568 11666-
1181 1485 1363 1552 dttanenss
1388 1490 1549 1566 provincia
1581 1493 1789 1556 ecclesiastica
1811 1497 1925 1558 consti-

377 1586 453 1649 tatio
475 1585 623 1664 Episcopi
644 1585 813 1648 Scutario
828 1585 1121 1646 administratorem
1181 1583 1282 1642 tuitur
1304 1582 1374 1652 Vl*,
1397 1583 1467 1644 259.
1503 1583 1613 1666 hlbany
1644 1589 1850 1652 constituitur
1878 1607 1927 1653 se-

376 1679 583 1741 ecclesiarum
607 1678 750 1746 Dulcini,
774 1676 919 1756 Sfusciue
941 1685 1014 1747 etc,
1032 1683 1064 1738 ot
1085 1677 1122 1736 E·
1180 1675 1235 1735 des
1258 1677 1445 1754 episcopalis
1461 1677 1511 1749 Vl,
1527 1679 1576 1740 26.
1603 1679 1817 1761 hllepheoensi
1841 1684 1927 1745 dioe-

377 1773 496 1850 piscopi
517 1772 688 1834 Thermiae
710 1773 742 1832 in
765 1771 1055 1832 administratorem
1075 1787 1121 1831 eo·
1179 1767 1256 1829 cesis
1271 1771 1454 1832 constitutio
1467 1770 1616 1844 Vl*,287.
1635 1773 1770 1855 llopliae,
1783 1776 1926 1840 Materiae

375 1867 546 1928 etesiarum
569 1865 684 1946 Sppbri
706 1873 738 1926 et
760 1863 839 1926 Zeae
861 1864 884 1934 1,
902 1863 972 1938 237;
997 1863 1122 1942 Episco·
1180 1861 1359 1940 [tantaeque
1386 1865 1537 1926 subiectis
1560 1869 1591 1927 in
1615 1868 1728 1930 insulis
1751 1868 1926 1934 vicariatus

378 1961 424 2038 pis
447 1962 583 2022 traditur
605 1959 778 2022 methodus
801 1958 1012 2036 recuperandi
1043 1959 1123 2018 bona
1179 1959 1236 2034 hp.
1267 1957 1474 2019 constituitur
1500 1958 1551 2032 Ν,
1579 1961 1648 2022 577.
1681 1960 1850 2028 halicostis
1880 1966 1927 2028 in-

376 2071 447 2116 suas
469 2055 505 2116 ad
537 2055 686 2116 ecclesias
715 2052 906 2130 spectantia,
930 2052 982 2113 vel
1012 2052 1122 2114 transi·
1178 2053 1245 2114 sula
1274 2060 1334 2114 etc,
1362 2067 1392 2112 v.
1424 2053 1558 2114 interius
1586 2053 1830 2120 Terrae-acuas.
1863 2059 1926 2122 hri-

377 2149 473 2226 gendi
496 2161 527 2212 et
555 2147 741 2210 absolvendi
764 2164 780 2208 a
802 2147 947 2208 censuris
969 2146 1022 2216 lll,
1046 2145 1120 2219 oda,
1179 2159 1283 2208 zoarae
1314 2145 1486 2208 Vicariatus
1515 2149 1624 2224 Apost.
1656 2149 1773 2213 limites
1802 2170 1926 2216 accura-

376 2242 572 2318 l‘raecipitur
594 2239 857 2303 christifidelibus
874 2239 1121 2302 subTurcarum
1180 2241 1242 2302 tius
1271 2240 1581 2301 circumscribuntur
1613 2241 1682 2316 Vl*,
1707 2243 1774 2306 itt.
1798 2279 1836 2290 —
1858 2244 1927 2310 Bal·

376 2335 496 2397 ditione
526 2333 747 2406 versantibus,
773 2351 813 2395 66
835 2335 871 2396 ad
902 2333 1121 2396 occultandam

374 2430 565 2492 christianae
580 2428 748 2504 religionis
771 2427 1005 2505 professionem
1022 2427 1123 2488 nomi·

375 2523 494 2586 nasibi
519 2525 743 2584 mahumetana
775 2524 941 2600 imponant
972 2522 1020 2594 Ml,
1044 2519 1121 2597 5783

376 2619 496 2697 Synodi
516 2618 674 2679 secundae
690 2619 875 2680 convocatio
895 2623 927 2678 et
941 2618 1122 2693 praesiden-

377 2713 416 2774 tia
438 2711 651 2773 committitur
673 2717 734 2773 etc.
759 2709 809 2780 Vl,
836 2709 902 2782 196,
929 2717 960 2771 et
976 2710 1045 2781 Vl*,
1067 2711 1121 2784 sq

375 2806 506 2868 tubaria
537 2805 645 2884 oppidi
677 2804 829 2866 Miriditti
859 2803 1024 2866 confertur
1053 2821 1123 2883 pre-

375 2900 507 2978 sbytero
535 2916 551 2960 a
582 2915 607 2959 s.
632 2899 892 2975 congregatione
923 2905 1122 2974 praesentato

377 2993 428 3064 Vl,
451 2992 530 3066 tat,
548 2991 733 3054 scodrensis
756 2991 888 3052 ecclesia
914 2993 947 3053 in
969 2991 1123 3070 archiepi-

373 3087 533 3166 scopalem
556 3087 709 3149 evehitur
731 3093 791 3147 etc.
815 3085 867 3156 Vl,
892 3086 961 3147 116.

414 3179 553 3242 sturm
572 3180 810 3257 Archiepiscopi
826 3180 1035 3242 confirmatur
1049 3198 1123 3244 con-

372 3276 507 3337 secratio
518 3293 534 3335 a
544 3273 721 3335 Patriarcha
732 3273 958 3335 Maronitarum
970 3275 1047 3336 lacta
1060 3284 1120 3338 etc.

374 3369 396 3438 1,
426 3367 502 3444 368;
526 3367 720 3430 Conceditur
749 3366 981 3446 Archiepicopo
1011 3371 1121 3430 novies

374 3464 406 3523 in
429 3461 540 3523 diebus
562 3461 650 3523 lestis
672 3460 836 3522 celebrare
859 3475 950 3537 posse
973 3461 1022 3534 lll,
1045 3449 1120 3538 2'633

375 3555 550 3618 Vicariatus
572 3554 630 3632 hp.
655 3554 833 3615 instituitur
855 3569 912 3630 pro
934 3555 1122 3632 patriarcha-

375 3651 459 3712 tibus
480 3649 672 3711 antiocheno
694 3656 726 3709 et
749 3648 979 3726 hierapolitano
995 3658 1054 3710 etc.
1069 3650 1120 3721 IV,

374 3743 424 3820 86;
448 3744 715 3820 Archiepiscopus
738 3741 891 3802 edocetur
907 3743 945 3802 de
963 3743 1122 3804 Pontificis

374 3853 448 3899 cura
472 3854 536 3898 non
558 3836 767 3914 permittendi
783 3835 993 3898 Orientalium
1011 3840 1122 3900 transi-

376 3940 443 3994 tum
466 3933 503 3994 ad
526 3932 625 3995 ritum
650 3931 784 3992 latinum
807 3939 868 3992 etc.
893 3930 944 4001 Vl,
967 3932 1047 4007 2573
1072 3931 1123 3994 Vi-

374 4026 459 4086 cario
475 4024 622 4102 Episcopi
638 4023 853 4100 respondetur
869 4024 908 4084 de
924 4023 1122 4087 Patriarchae

376 4119 508 4195 negotio
529 4117 565 4178 ad
588 4133 650 4178 sac.
666 4116 829 4194 congreg.
852 4115 956 4178 delato
979 4125 1039 4180 etc.
1057 4119 1120 4192 Vll,

374 4211 435 4274 266
447 4211 499 4290 Ν.
515 4211 609 4274 etiam
627 4209 839 4274 Armenicum
857 4218 890 4270 et
907 4209 1123 4275 Graeca-Mel·

376 4304 562 4384 obiturum).

415 4397 700 4461 htnxtrlbnmn
722 4413 753 4458 v,
774 4397 834 4460 sub
856 4399 957 4460 verbo
980 4398 1120 4478 Africae.

414 4489 699 4555 ALEXthllllNO
727 4499 787 4552 etc.
819 4492 857 4552 de
887 4491 1065 4554 Patriarcha
1090 4509 1120 4554 v.

374 4587 434 4648 sub
456 4586 557 4648 verbo
580 4585 830 4648 Maronitarum.

1178 2332 1305 2394 timorae
1343 2331 1549 2410 Episcopatus
1586 2335 1723 2411 erigitur
1754 2337 1812 2410 Ν,
1846 2339 1925 2415 311;

1180 2427 1258 2488 11616
1278 2427 1493 2488 suhiiciuntur
1515 2434 1653 2502 quatuor
1668 2430 1862 2510 episcopales
1878 2451 1927 2496 ec-

1179 2522 1293 2582 clesiae
1316 2537 1400 2582 nunc
1422 2529 1547 2584 erectae
1570 2522 1622 2594 Ν,
1639 2522 1715 2599 669;
1741 2525 1785 2587 hd
1809 2537 1928 2590 metro-

1180 2616 1344 2694 politicum
1368 2616 1503 2691 gradum
1527 2617 1678 2680 evehitur
1701 2617 1751 2690 Ν,
1775 2620 1846 2698 516;
1871 2625 1926 2684 hr-

1180 2711 1399 2788 chiepiscopus
1422 2711 1575 2772 edocetur
1590 2712 1629 2772 de
1652 2713 1738 2774 read
1763 2716 1926 2794 presbyte-

1179 2820 1251 2864 rum
1264 2803 1433 2880 Gallagher
1447 2804 1640 2882 pertinente,
1651 2805 1690 2866 de
1700 2806 1926 2871 substitutione

1179 2899 1352 2958 sacerdotis
1373 2898 1405 2958 in
1429 2898 1509 2959 urbe
1530 2897 1741 2976 (iunopoleos,
1765 2911 1797 2964 et
1819 2903 1858 2965 dc
1879 2921 1927 2965 ca-

1179 3007 1300 3052 nonum
1323 2991 1447 3054 statutis
1469 2993 1571 3068 quoad
1595 2993 1841 3070 appellationem
1864 3005 1923 3059 etc.

1179 3083 1230 3154 Ν,
1253 3085 1323 3158 657;
1349 3086 1595 3163 Archiepiscopo
1622 3095 1681 3150 etc.
1716 3105 1784 3166 pars
1807 3093 1926 3168 praedii

1185 3176 1389 3240 Mite-March
1400 3179 1552 3241 tribuitur
1567 3187 1627 3241 etc.
1645 3179 1695 3252 Ν,
1712 3181 1927 3258 6116666616-

1179 3274 1324 3351 piscopos
1356 3273 1490 3350 eiusque
1514 3273 1712 3351 Sudragacei
1735 3284 1794 3339 etc.
1819 3279 1926 3340 arimo-

1179 3374 1297 3427 nentur
1319 3367 1358 3429 de
1379 3365 1529 3428 Gulielmi
1546 3367 1656 3444 Mogan
1678 3369 1822 3432 damnata
1845 3371 1926 3433 insa-

1179 3461 1240 3532 nia,
1257 3469 1290 3523 et
1311 3461 1350 3522 de
1372 3459 1575 3522 aedituorum
1598 3461 1751 3524 laicorum
1775 3480 1839 3527 non
1861 3482 1925 3527 am·

1179 3555 1261 3632 plius
1283 3553 1446 3616 toleranda
1468 3555 1594 3616 audacia
1607 3563 1666 3617 etc.
1684 3555 1736 3628 Ν,
1759 3556 1829 3632 616;
1845 3559 1927 3621 Con-

1178 3649 1240 3709 cilii
1262 3649 1394 3710 secundi
1423 3649 1624 3726 provincialis
1657 3649 1746 3711 zelus
1776 3659 1808 3712 et
1836 3653 1926 3714 obse-

1179 3743 1289 3819 quium
1313 3759 1389 3819 erga
1413 3741 1529 3804 Sedem
1552 3743 1608 3820 hp.
1627 3743 1772 3805 laudibus
1790 3746 1926 3810 effertur

1179 3836 1216 3908 V,
1240 3835 1296 3911 eu;
1321 3837 1367 3898 hd
1405 3837 1686 3914 hrchiepiscopum
1710 3839 1832 3901 eteius
1855 3840 1926 3902 Sul·

1179 3932 1345 4009 traganeos
1373 3931 1531 4008 encyclica
1559 3932 1597 3992 de
1625 3934 1739 4009 synodi
1767 3936 1926 4002 secundae

1179 4023 1381 4102 provincialis
1403 4024 1617 4086 celebratione
1641 4023 1678 4096 V,
1704 4025 1772 4101 121;
1797 4029 1926 4090 Praesu-
2004 4017 2007 4022 ’

1180 4119 1224 4180 les
1246 4117 1417 4182 laudantur
1439 4117 1478 4178 ob
1501 4124 1646 4194 quartam
1671 4121 1830 4196 synodum
1855 4137 1927 4199 pro-

1179 4211 1347 4274 vincialem
1370 4211 1401 4272 in
1425 4211 1570 4274 America
1592 4211 1783 4274 celebratam
1801 4221 1861 4275 etc.
1889 4213 1924 4286 V,

1177 4305 1248 4380 2583
1266 4304 1405 4382 Epistola
1421 4305 1460 4365 de
1477 4305 1587 4382 quinta
1600 4305 1788 4383 provinciali
1803 4308 1927 4384 synodo

1178 4399 1366 4462 celebranda
1388 4405 1448 4460 etc.
1473 4397 1511 4470 V,
1535 4398 1611 4472 3203
1642 4399 1861 4478 Metropolitae
1883 4410 1927 4464 at-

1179 4508 1242 4570 que
1265 4491 1479 4568 Sudraganeis
1502 4491 1628 4553 litterae
1646 4493 1685 4554 de
1700 4503 1788 4556 sexta
1803 4495 1927 4573 synodo

1178 4584 1365 4663 provinciali
1390 4583 1512 4658 111,32;
1537 4585 1784 4664 Archiepiscopo
1806 4603 1925 4648 munus

415 4678 585 4742 ttshrth
614 4693 644 4740 r.
672 4679 935 4758 Arpeutorateuai
957 4685 989 4740 et
1011 4677 1123 4742 Matri·
1179 4678 1313 4742 concilio
1329 4679 1530 4756 praesidendi
1542 4679 1707 4741 confertur
1720 4689 1780 4764 etc,
1795 4679 1925 4758 111,121;

374 4774 495 4836 monio.
1178 4771 1311 4836 Concilii
1335 4771 1476 4851 patribus
1499 4772 1704 4849 gratulatoria
1720 4789 1872 4852 responsa
1888 4777 1927 4837 de

414 4865 572 4930 hL'lhllE
615 4865 854 4944 privilegiatum
901 4867 1121 4944 quotidianum
1178 4865 1270 4928 aucto
1292 4865 1523 4928 catholicorum
1547 4881 1684 4928 numero
1707 4868 1925 4944 etc.Vl,ldl;

376 4967 568 5039 perpetuum
592 4960 624 5020 in
647 4959 789 5036 qualibet
804 4960 934 5022 ecclesia
949 4959 1121 5022 cathedrali
1178 4959 1380 5022 Praesulibus
1400 4961 1500 5021 octavi
1516 4959 1641 5022 concilii
1659 4961 1862 5038 provincialis
1878 4975 1927 5024 re-

375 5053 473 5116 totins
495 5053 581 5115 orbis
602 5052 762 5122 catholici,
786 5053 823 5114 ab
845 5051 1012 5114 Ordinario
1043 5053 1123 5114 desi·
1178 5055 1355 5132 spondetur
1378 5063 1437 5115 etc.
1461 5053 1509 5124 Vl,
1526 5053 1601 5127 2393
1625 5055 1860 5118 Gratulationes
1876 5072 1927 5133 pa-

375 5149 551 5225 gnandum,
575 5146 763 5223 indulgetur
785 5147 821 5218 ll,
839 5147 908 5220 367;
933 5147 1019 5210 idem
1048 5163 1122 5209 666-
1179 5149 1281 5209 tribus
1304 5148 1380 5209 noni
1409 5147 1533 5210 concilii
1563 5148 1766 5225 provincialis
1787 5157 1848 5212 otc.
1874 5149 1925 5220 Vl,

375 5241 499 5303 ceditur
523 5241 650 5317 triginta
674 5240 871 5319 preshyteris
900 5257 939 5303 er
963 5241 1049 5303 clero
1077 5249 1122 5303 to·
1177 5241 1252 5318 285,
1277 5241 1523 5319 hrchiepiscopo
1540 5243 1727 5304 conceditur
1742 5243 1926 5306 convocatio

376 5335 439 5396 tius
461 5334 601 5405 llussiae,
625 5333 740 5410 quibas
765 5337 957 5411 permissum
973 5337 1014 5396 sit
1027 5351 1122 5398 cruce
1178 5345 1211 5398 et
1233 5335 1444 5414 praesidentia
1476 5336 1607 5397 secundi
1641 5336 1773 5414 plenarii
1802 5337 1926 5398 concilii

375 5444 471 5492 aurea
492 5445 526 5490 se
556 5443 671 5490 ornare
697 5435 757 5488 etc.
781 5427 832 5500 Ν,
856 5427 916 5490 288
946 5428 997 5508 Ν.
1026 5429 1120 5493 etiam
1179 5429 1229 5500 Vl,
1254 5426 1313 5491 1636
1334 5436 1365 5490 et
1386 5427 1455 5492 166.
1488 5426 1652 5492 Bardensis
1678 5429 1832 5492 dioecesis
1854 5447 1927 5491 con·

374 5521 568 5600 ludicrum).
1178 5525 1359 5586 stituuntur
1391 5522 1511 5584 limites
1542 5523 1580 5596 V,
1612 5521 1679 5585 163.
1713 5521 1926 5588 Bosloniensis

416 5613 619 5678 llMElllChE
641 5616 812 5677 raniversae
833 5617 869 5677 ad
892 5616 1034 5692 singulas
1051 5632 1122 5693 pro·
1179 5617 1334 5679 dioecesis
1351 5617 1551 5679 territorium
1567 5618 1772 5679 imminuitur
1788 5617 1838 5690 Vl,
1857 5617 1925 5692 182;

374 5709 493 5771 vincias
516 5709 732 5786 regionesque
748 5709 933 5770 extenditur
955 5711 1121 5772 decretum
1178 5709 1266 5774 Mora
1291 5711 1500 5774 constituitur
1526 5711 1736 5774 ecclesiastica
1765 5712 1926 5790 provincia

375 5803 541 5866 electionis
568 5802 598 5864 h.
621 5802 721 5864 Eosae
744 5803 776 5864 in
799 5803 892 5879 regni
915 5805 1048 5880 peruani
1072 5819 1121 5882 pa·
1178 5803 1343 5876 11112269.
1368 5800 1511 5867 Britanno
1540 5804 1573 5866 in
1598 5806 1820 5883 promontorio
1846 5820 1927 5866 nova

377 5905 502 5959 trunam
526 5914 542 5958 a
564 5896 667 5959 Glem.
692 5896 743 5958 lX.
769 5903 952 5958 emanatum
985 5897 1010 5968 l,
1042 5895 1120 5972 hllli;
1179 5899 1316 5974 erigitur
1345 5899 1497 5961 dioecesis
1523 5898 1575 5973 Ν,
1601 5898 1671 5961 722.
1703 5895 1928 5962 Brocllisnien·

378 5991 422 6053 hd
447 6007 560 6053 omnes
581 5991 733 6067 regiones
756 5991 898 6052 dominio
913 5991 1058 6052 catholici
1075 6007 1123 6052 re·
1180 5990 1226 6055 sis
1250 5991 1327 6053 urbs
1348 5991 1555 6054 constituitur
1571 5991 1756 6071 episcopalis
1771 5993 1863 6055 sedes
1879 6008 1928 6054 re·
