4756 6994
892 580 1036 629 demultus
1056 582 1108 630 Pl’.
1132 581 1190 630 xlx.

266 699 335 763 cula
356 700 515 779 praedicta
530 701 759 764 vehementem
774 701 854 764 adeo
869 701 1013 766 fidelium

266 795 428 857 mentibus
464 795 677 872 suspicionem
714 795 941 873 ingesserunt,
979 802 1014 858 ut

266 887 379 950 iisdem
395 888 681 966 aggregatiouibus
699 905 818 952 nomen
833 890 909 952 dare
931 891 1013 968 apud

266 983 442 1061 prudentes
464 989 496 1045 et
518 982 635 1061 probos
657 982 743 1044 idem
767 984 898 1046 omniuo
921 983 962 1046 sit
981 1001 1014 1046 ac

266 1076 429 1154 pravitatis
461 1082 494 1138 et
524 1075 743 1154 perversionis
772 1082 879 1138 notam
908 1076 1014 1138 iucur-

266 1185 358 1245 rere;
382 1169 443 1232 uisi
465 1169 553 1232 enim
575 1169 657 1232 male
679 1175 824 1246 agerent,
849 1176 936 1232 tauto
958 1185 1012 1233 ne-

266 1278 424 1341 quaquam
449 1263 522 1326 odio
543 1263 649 1326 lucem
672 1263 839 1326 baberent.
865 1262 924 1338 Qui
946 1264 1014 1341 qui-

267 1357 339 1418 dem
364 1372 478 1418 rumor
501 1372 540 1420 eo
562 1372 666 1434 usque
698 1356 900 1435 percrebuit.
924 1363 960 1418 ut
981 1357 1014 1419 in

267 1450 414 1529 plurimis
432 1450 620 1528 regionibus
636 1457 831 1514 memoratae
847 1451 1014 1514 societates

267 1560 324 1623 per
335 1545 453 1606 saeculi
464 1552 647 1623 potestates,
662 1555 822 1622 tamquam
835 1561 1013 1622 regnorum

266 1638 429 1700 securitati
450 1639 665 1711 adversantes,
683 1640 879 1717 proscriptae
893 1657 928 1702 ac
943 1655 1014 1718 pro-

266 1734 340 1796 vide
361 1733 543 1796 eliminatae
564 1734 752 1811 iampridem
775 1735 952 1796 extiterint.

306 1825 370 1889 Nos
392 1827 501 1904 itaque
522 1827 629 1890 animo
651 1827 839 1890 evolventes
866 1827 1014 1904 gravissi-

268 1937 317 1982 ma
339 1921 464 1993 damna,
489 1936 570 1998 quae
592 1927 628 1983 ut
649 1921 827 2000 plurimum
849 1937 890 1984 ex
905 1922 1014 1983 buius-

267 2016 353 2078 modi
375 2015 580 2078 societatibus
609 2031 666 2078 seu
692 2015 935 2088 conventiculis,
959 2031 1014 2077 ne-

267 2109 343 2171 dum
365 2108 535 2187 temporali
554 2108 756 2186 reipublicae
778 2108 1011 2187 tranquillitati,

268 2204 500 2268 verumetiam
529 2202 687 2281 spirituali
718 2203 897 2264 animarum
919 2203 1013 2264 saluti

267 2297 469 2369 inieruntur,
500 2303 595 2373 atque
620 2296 738 2358 idcirco
767 2302 836 2358 tum
866 2295 1013 2358 civilibus

269 2398 336 2452 tum
357 2391 517 2453 canonicis
540 2389 675 2452 minime
689 2389 864 2452 cohaerere
880 2390 1013 2451 sanctio·

267 2484 379 2560 nibus3
403 2499 477 2546 cum
493 2483 602 2546 divino
614 2483 744 2560 eloquio
760 2483 944 2554 doceamur,
958 2483 1012 2545 diu

267 2585 440 2656 noctuque,
458 2593 549 2640 more
570 2578 657 2640 servi
679 2577 783 2639 fidelis
799 2583 832 2640 et
846 2577 1013 2656 prudentis

268 2672 448 2734 dominicae
463 2672 600 2734 familiae
615 2672 799 2750 praepositi,
813 2671 1013 2748 vigilandum

268 2783 349 2838 esse,
366 2781 408 2828 ue
423 2765 609 2828 huiusmodi
628 2765 797 2827 bominum
816 2781 929 2842 genus,
947 2765 1013 2826 vel-

168 2859 170 2862 ’
267 2863 314 2924 uti
336 2861 423 2924 iures
452 2861 584 2923 domum
616 2860 813 2939 perfodiant,
843 2866 938 2936 atque
967 2859 1013 2921 in-

267 2963 331 3017 star
352 2955 500 3034 vulpium
523 2956 650 3017 vineam
679 2954 828 3018 demoliri
857 2955 1011 3024 nitantur,

268 3065 308 3112 ue
330 3049 481 3112 videlicet
500 3049 695 3128 simplicium
717 3050 811 3112 corda
827 3056 1015 3128 pervertant

268 3149 362 3221 atque
383 3143 532 3205 innoxios
563 3144 718 3221 sagittent
745 3144 777 3206 in
805 3144 952 3214 occultis
976 3143 1012 3206 ad

268 3237 473 3310 latusimam
510 3253 591 3315 quae
626 3237 846 3315 iniquitatibus
881 3238 1014 3315 impune

268 3331 426 3410 patrandis
447 3331 523 3393 inde
554 3331 672 3410 aperiri
702 3339 826 3409 posset,
851 3332 934 3392 viam
961 3331 1014 3392 ob·

267 3427 473 3501 struendam
503 3425 637 3502 aliisque
665 3426 705 3488 de
736 3426 828 3488 iustis
859 3443 893 3488 ac
921 3425 1014 3486 ratio-

268 3519 426 3582 nabilibus
447 3520 549 3582 causis
572 3519 663 3581 nobis
685 3519 790 3591 notis,
815 3520 941 3581 easdem
965 3535 1014 3580 so·

268 3613 406 3684 cietates,
429 3619 552 3683 coetus,
575 3619 764 3685 conventus,
794 3611 1012 3684 collectiones,

267 3707 514 3786 aggregatioues
535 3723 593 3768 seu
608 3706 830 3769 conventicula
851 3705 898 3768 de'
910 3703 1015 3768 Liberi

268 3799 431 3864 Muratori
459 3817 516 3863 seu
539 3799 663 3872 Franco
696 3799 840 3863 Musaeus
870 3808 924 3862 aut
953 3799 1015 3860 alio

268 3909 474 3972 quocumque
505 3895 638 3958 nomine
667 3893 838 3973 appellata,
868 3894 907 3955 de
936 3909 1015 3955 uon-

269 3989 434 4051 nullorum
462 3988 698 4052 venerabilium
731 3987 866 4052 lratrum
889 3995 1014 4050 nostro-

268 4099 340 4146 rum
374 4081 505 4146 Sanctae
535 4082 694 4145 uam-anae
720 4082 878 4146 Ecclesiae
908 4081 1014 4145 dardi·

269 4177 389 4238 ualium
418 4174 568 4248 consilio,
591 4192 626 4238 ac
647 4176 741 4237 etiam
772 4183 862 4237 motu
885 4174 1014 4252 proprio

269 4277 361 4331 etex
384 4277 470 4332 certa
497 4269 629 4332 scientia
654 4285 688 4330 ac
716 4274 839 4330 matura
861 4267 1015 4330 delibera-

269 4363 356 4426 tione
377 4363 508 4435 uostris,
533 4363 638 4439 deque
661 4361 851 4440 apostolicae
881 4367 1015 4440 potesta-

270 4457 308 4520 tis
329 4456 541 4536 plenitudine,
565 4456 741 4519 damnanda
763 4463 795 4518 et
816 4455 1015 4534 prohibenda

270 4566 339 4613 esse
353 4551 524 4640 statuimus
539 4559 572 4614 et
586 4551 802 4622 decrevimus
816 4559 913 4628 prout
928 4566 1015 4628 prae·

269 4645 352 4709 senti
374 4655 494 4717 nostra,
518 4653 674 4724 perpetuo
697 4644 844 4717 valitura,
862 4644 1015 4707 constitu-

268 4740 366 4813 tione,
390 4740 578 4802 damnamus
600 4747 632 4800 et
653 4737 874 4818 probibemus.

305 4833 457 4908 Quocirca
488 4833 638 4895 omnibus
664 4842 696 4896 et
727 4833 863 4910 singulis
892 4834 1015 4895 clrristi-

268 4926 416 4990 fidelibus
429 4927 660 5003 cuiuscumque
675 4931 786 4998 status,
800 4927 928 5003 gradus,
942 4944 1014 4990 con-

268 5021 416 5094 ditionis,
441 5020 580 5093 ordinis,
615 5020 777 5097 dignitatis
807 5028 839 5084 et
860 5022 1016 5100 praeemi-

268 5115 406 5187 nentiae,
429 5115 497 5177 sive
519 5114 606 5176 laicis
627 5115 680 5176 vol
702 5114 838 5187 clericis,
863 5124 926 5178 tam
949 5132 1015 5178 sae·

268 5209 428 5272 cularibus
457 5223 552 5286 quaxn
575 5207 796 5286 regularibus,
827 5209 922 5271 etiam
944 5225 1015 5288 spe-

267 5303 353 5366 silica
364 5309 397 5364 et
410 5301 574 5364 individua
585 5304 750 5365 mentione
762 5309 794 5365 et
809 5303 1015 5380 expressione

193 5387 199 5399 ’
268 5397 384 5474 dignis
402 5395 545 5460 districte
567 5403 599 5458 et
618 5396 650 5458 in
664 5396 787 5460 virtute
802 5406 927 5460 sauctae
943 5397 1015 5460 obe·

268 5491 405 5553 dientiae
426 5491 649 5569 praecipimus,
667 5507 707 5552 ue
730 5491 800 5568 quis
821 5491 881 5553 sub
900 5492 1015 5568 quovis

268 5591 435 5663 praetextu
458 5593 513 5646 aut
534 5584 679 5661 quaesito
698 5584 806 5646 colore
828 5585 942 5649 audeat
962 5585 1015 5648 vel

268 5685 460 5755 praesumat,
484 5676 659 5755 praedictas
675 5677 843 5742 societates
858 5675 1015 5742 de'Liberi

271 5769 432 5835 Muratori
453 5787 511 5833 seu
533 5770 659 5844 Franco
680 5769 836 5842 Musaeus,
860 5779 914 5835 aut
940 5773 1015 5835 alias

271 5870 477 5944 nuncupatas,
500 5865 584 5928 intre
612 5865 665 5928 vel
693 5881 882 5945 propagare,
909 5867 1015 5930 conlo-

269 5973 361 6033 vere,
392 5959 488 6023 acin
519 5959 585 6022 suis
615 5960 747 6023 aedibus
777 5976 834 6023 seu
866 5961 1014 6023 domibus

372 6109 432 6152 rur.
446 6111 523 6153 eona.
539 6111 571 6152 ue
586 6111 667 6159 eron.
682 6108 745 6152 rrae
758 6094 878 6152 recisi.
894 6105 947 6152 vox.
963 6109 1015 6152 vxx.

1070 701 1121 763 vel
1152 701 1227 764 alibi
1254 707 1421 780 receptare
1450 711 1545 780 atque
1572 702 1749 774 occultare,
1780 700 1818 762 iis

1070 789 1221 868 adscribi,
1240 796 1410 874 aggregari
1432 803 1486 858 aut
1506 796 1677 869 interesse,
1694 794 1747 858 vel
1763 810 1817 873 po-

1071 895 1219 951 testatem
1248 905 1307 951 seu
1338 889 1598 952 commoditatem
1631 889 1752 962 lacere,
1783 895 1820 952 ut

1069 981 1185 1045 alicubi
1207 989 1443 1056 convocentur,
1474 983 1587 1048 iisdem
1620 983 1738 1060 aliquid
1760 984 1818 1044 rni-

1070 1076 1218 1150 uistrare,
1248 1077 1316 1140 sive
1343 1077 1418 1140 alias
1447 1076 1628 1150 consilium,
1662 1077 1818 1139 auxilium

1070 1169 1123 1232 vel
1145 1169 1308 1244 levorem,
1332 1170 1435 1250 palam
1462 1177 1516 1234 aut
1543 1171 1743 1244 inocculto,
1773 1171 1818 1233 di-

1071 1271 1158 1326 recte
1180 1265 1233 1326 vel
1255 1264 1426 1337 indirecte,
1444 1280 1501 1342 per
1522 1281 1557 1327 se
1572 1265 1625 1327 vel
1648 1280 1705 1343 per
1726 1263 1815 1336 alios,

1070 1373 1200 1436 quoquo
1213 1360 1308 1421 modo
1320 1365 1493 1438 praestare,
1511 1375 1637 1422 necnon
1651 1359 1728 1421 alios
1745 1359 1818 1420 bor·

1070 1453 1141 1525 tari,
1164 1453 1329 1527 inducere,
1354 1469 1529 1533 provocare
1551 1461 1604 1516 aut
1618 1455 1766 1528 suadere,
1783 1461 1819 1516 ut

1072 1545 1254 1609 huiusmodi
1276 1548 1479 1611 societatibus
1505 1549 1742 1624 adscribantur,
1765 1567 1818 1614 au-

1072 1647 1287 1702 numereutur
1307 1657 1363 1703 seu
1386 1643 1547 1716 intersint,
1561 1643 1615 1706 vel
1636 1643 1718 1721 ipsas
1740 1660 1818 1722 quo·

1070 1734 1248 1798 modolibet
1269 1736 1383 1798 iuvent
1410 1753 1445 1798 ac
1466 1737 1606 1812 loveaut,
1630 1739 1686 1818 sed
1716 1739 1818 1800 omui-

1070 1843 1112 1889 no
1134 1827 1171 1890 ab
1193 1829 1309 1892 iisdem
1331 1831 1547 1904 societatibus,
1567 1831 1722 1905 coetibus,
1746 1848 1819 1894 con-

1070 1923 1232 1994 ventibus,
1256 1924 1511 1997 collectionibus,
1534 1925 1818 2003 aggregatiouibus

1070 2031 1128 2076 seu
1144 2016 1376 2080 conventiculis
1392 2033 1523 2096 prorsus
1538 2017 1700 2081 abstinere
1714 2035 1749 2082 se
1765 2019 1818 2081 de-

1069 2108 1175 2184 beant,
1193 2110 1253 2172 sub
1275 2127 1377 2188 poeua
1399 2112 1738 2176 excommunicationis
1761 2128 1819 2192 per

1070 2218 1194 2276 omnes,
1212 2212 1249 2266 ut
1269 2220 1376 2282 supra,
1394 2204 1668 2276 contraluctantes,
1686 2207 1756 2285 ipso
1776 2206 1819 2268 la·

1069 2303 1130 2369 cto,
1154 2297 1275 2375 absque
1296 2299 1361 2362 ulla
1383 2301 1597 2364 declaratione
1613 2301 1815 2374 incurrenda,

1069 2407 1162 2469 aqua
1178 2408 1285 2464 nemo,
1303 2409 1360 2472 per
1379 2409 1587 2472 quemquam,
1605 2396 1666 2458 uisi
1687 2411 1818 2475 pernes

1069 2501 1126 2548 seu
1152 2487 1332 2550 Romanum
1358 2489 1556 2562 Pontificem,
1584 2507 1641 2568 pro
1670 2498 1818 2570 tempore

1069 2580 1275 2654 existentem,
1292 2589 1516 2660 praeterquam
1532 2584 1565 2646 iu
1584 2585 1718 2648 articulo
1734 2602 1819 2648 mor·

1068 2674 1108 2736 tis
1140 2675 1350 2750 coustitutm,
1383 2677 1593 2740 absolutionis
1624 2678 1817 2742 beneficium

1069 2768 1173 2832 valeat
1194 2769 1352 2832 obtinere.

1109 2863 1267 2926 Volumus
1285 2866 1417 2944 insuper
1432 2873 1465 2928 et
1486 2867 1685 2942 mandamus,
1701 2874 1817 2932 uttam

1069 2958 1216 3037 Episcopi
1251 2965 1283 3021 et
1315 2959 1446 3036 praelati
1481 2962 1666 3039 superiores
1700 2962 1818 3041 aliique

1069 3052 1215 3114 locorum
1236 3050 1405 3126 Ordinarii‚
1429 3069 1524 3131 quam
1550 3055 1727 3120 haereticae
1748 3073 1817 3136 pra-

1069 3146 1174 3210 vitatis
1195 3147 1316 3223 ubique
1344 3148 1490 3210 locorum
1522 3149 1664 3229 deputati
1685 3151 1818 3229 inquisi-
1912 3157 1915 3163 ·

1070 3247 1167 3312 tores,
1184 3241 1339 3304 adversus
1354 3250 1622 3319 transgressores,
1638 3245 1817 3308 cuiuscum-

1069 3348 1133 3410 que
1155 3334 1219 3394 sint
1246 3342 1357 3407 status,
1382 3336 1510 3412 gradus,
1541 3338 1743 3411 conditionis,
1767 3355 1817 3402 or-

1070 3427 1164 3499 dinis,
1181 3427 1343 3504 dignitatis
1365 3429 1418 3492 vel
1444 3431 1727 3507 praeeminentiae,
1745 3449 1817 3512 pro-

1070 3523 1184 3585 cedant
1206 3529 1238 3586 et
1258 3523 1432 3599 inquirant,
1451 3539 1582 3602 eosque,
1600 3533 1763 3606 tamquam
1778 3530 1817 3592 de

1070 3616 1195 3678 haeresi
1216 3616 1430 3679 vehementer
1447 3627 1623 3696 suspectos,
1650 3621 1817 3699 condignis

1071 3709 1181 3787 poenis
1197 3709 1329 3788 puniant
1344 3718 1440 3788 atque
1461 3721 1645 3776 coerceant:
1670 3715 1708 3776 iis
1729 3716 1817 3777 euim

1071 3811 1237 3867 eteorum
1268 3805 1400 3868 cuilibet
1431 3813 1541 3870 contra
1563 3809 1695 3870 eosdem
1717 3815 1818 3871 trans-

1071 3911 1236 3974 gressores
1269 3899 1462 3976 procedendi
1498 3907 1531 3962 et
1563 3901 1750 3979 inquirendi
1784 3920 1818 3965 ac

1070 3991 1237 4069 condignis
1261 3992 1372 4070 poeuis
1403 3995 1573 4058 coercendi
1596 4004 1629 4058 et
1649 3997 1815 4075 puniendi,

1070 4083 1217 4148 invocato
1248 4084 1344 4148 etiam
1375 4087 1412 4150 ad
1434 4087 1515 4161 boc,
1539 4089 1565 4150 si
1594 4106 1674 4168 opus
1695 4089 1815 4163 luerit,

1070 4177 1191 4240 brachii
1211 4179 1382 4242 saecularis
1412 4181 1541 4255 auxilio,
1566 4182 1700 4246 liberam
1722 4183 1818 4247 racul-

1071 4279 1168 4334 tatem
1184 4272 1356 4338 tribuimus
1372 4279 1405 4334 et
1419 4272 1635 4350 impartimur.
1659 4273 1817 4338 Volumus

1070 4373 1189 4439 autem,
1214 4375 1249 4428 ut
1270 4367 1455 4430 earumdem
1486 4368 1704 4444 praesentium
1732 4375 1817 4432 trau-

1069 4461 1206 4539 sumptis
1228 4461 1324 4522 etiam
1351 4460 1532 4538 impressis,
1557 4476 1653 4523 manu
1684 4462 1817 4526 alicuius

1070 4555 1185 4616 notarii
1208 4553 1325 4632 publici
1348 4554 1535 4632 subscriptis
1557 4561 1591 4616 et
1611 4555 1718 4632 sigillo
1747 4572 1818 4636 per-

1070 4664 1167 4710 sonae
1189 4648 1221 4709 in
1243 4647 1397 4724 dignitate
1426 4647 1636 4712 ecclesiastica
1664 4651 1818 4715 constitu-

1071 4747 1121 4803 tae
1142 4741 1292 4814 munius,
1326 4741 1437 4803 eadem
1466 4742 1545 4804 tides
1575 4758 1707 4822 prorsus
1731 4744 1818 4806 adhi-

1071 4834 1194 4906 beatur,
1218 4849 1299 4910 quae
1321 4833 1397 4912 ipsis
1419 4835 1629 4911 originalibus
1644 4837 1746 4899 literis
1767 4839 1818 4900 ad·

1062 4927 1254 4999 biberetur,
1279 4928 1305 4987 si
1327 4925 1435 4990 ioreut
1456 4927 1616 4990 exhibitae
1637 4930 1690 4992 vel
1713 4939 1818 4994 osten-

1070 5037 1134 5083 sae.
1157 5021 1245 5084 Nulli
1267 5037 1346 5099 ergo
1366 5022 1535 5083 hominum
1559 5022 1651 5085 liceat
1665 5023 1746 5087 banc
1767 5041 1818 5104 pa·

1071 5113 1178 5190 ginam
1200 5121 1328 5176 nostrae
1345 5114 1577 5187 declarationis,
1594 5116 1816 5191 damnationis,

1071 5211 1220 5282 mandati,
1238 5208 1462 5289 prohibitionis
1478 5217 1510 5273 et
1522 5212 1757 5275 interdictionis
1771 5214 1818 5276 in·

1070 5303 1215 5381 fringere
1237 5305 1289 5368 vel
1312 5305 1342 5366 ei
1358 5321 1436 5368 ausu
1459 5306 1630 5368 temerario
1646 5307 1816 5370 contraire.

1071 5396 1102 5460 Si
1125 5398 1197 5475 quis
1218 5405 1325 5460 autem
1349 5399 1409 5461 boc
1423 5405 1581 5462 attentare
1597 5415 1818 5480 praesumpse-

1070 5491 1129 5564 rit,
1160 5491 1415 5570 indignationem
1445 5493 1677 5570 omuipotentis
1705 5494 1762 5557 Dei
1784 5511 1818 5557 ac

1069 5585 1237 5648 beatorum
1254 5586 1340 5648 Petri
1356 5593 1388 5648 et
1402 5587 1489 5650 Pauli
1504 5585 1733 5666 Apostolorum
1749 5589 1817 5652 eius

1069 5695 1103 5740 se
1124 5679 1254 5742 noverit
1274 5681 1491 5744 incursurum.
1718 5693 1725 5706 ’

1110 5773 1223 5836 Datum
1245 5773 1375 5847 Romae,
1398 5775 1481 5853 apud
1504 5774 1535 5838 S.
1567 5777 1696 5840 llariam
1725 5779 1818 5842 llaio·

1071 5883 1153 5942 rem,
1169 5885 1220 5932 au.
1236 5868 1359 5932 incarn.
1376 5869 1558 5934 dominicae
1576 5889 1816 5947 uuocxxxvxu„

1070 5979 1113 6024 ιιι.
1137 5962 1290 6026 kalendas
1312 5963 1397 6037 rurali,
1420 5971 1508 6042 pout.
1532 5965 1634 6030 nostri
1648 5982 1733 6030 auno
1747 5984 1816 6029 vux.

1687 6116 1713 6158 19

1742 564 1800 630 145
1856 566 1908 624 Au.
1921 567 1949 623 C.
1963 565 2033 624 {758
