4836 7002
324 522 378 581 An.
392 522 422 582 G.
434 520 503 579 llus
562 521 618 584 190

330 665 366 707 lix
381 660 522 708 concessio-

307 715 387 762 uibus
394 717 521 762 beonisx.

307 771 521 832 ecciemqnvn.
543 753 601 816 tica
629 754 796 818 literarum
825 756 1091 835 apostolicarum,
1115 765 1185 820 turn
1211 758 1289 822 Leo·

307 823 522 923 ssifiiffiiivaissl
542 846 589 908 nis
619 847 656 909 x.
686 849 745 911 sub
775 851 883 912 datum
914 850 1057 912 kalendis
1087 851 1154 913 iulii
1187 853 1288 930 ponti-

308 930 522 1029 gffilgnfffilrffi
541 941 651 1002 litatus
681 943 729 1004 sui
759 959 842 1005 anno
870 944 1025 1022 septimo,
1053 951 1124 1005 tum
1153 945 1286 1008 aliarum

308 1047 368 1092 sno·
541 1032 716 1097 Clementis
747 1036 823 1108 Vll,
856 1038 1071 1100 Romanorum
1098 1038 1287 1101 Pontillcum

542 1129 823 1203 praedecessorum
854 1139 1062 1204 nostrorum,
1090 1133 1150 1194 sub
1179 1131 1285 1195 datum

542 1220 686 1284 kalendis
708 1224 900 1297 decembris,
926 1226 1126 1303 pontificatus
1141 1227 1190 1288 sui
1206 1215 1289 1288 auno

543 1317 648 1386 tertio,
673 1318 813 1380 exhibita
835 1327 931 1396 atque
953 1319 991 1380 ab
1013 1321 1155 1382 archivio
1180 1327 1289 1384 nostro

541 1417 666 1470 secreto
699 1419 837 1473 extracta
870 1412 1007 1484 luerint,
1039 1421 1071 1475 et
1103 1429 1143 1476 ex
1164 1403 1226 1488 eis,
1250 1415 1290 1476 si-

543 1511 679 1578 gnanter
702 1503 763 1568 illis
787 1505 860 1566 dicti
876 1505 1052 1568 Clementis
1069 1508 1290 1583 praedecesso-

544 1595 602 1667 ris,
627 1595 879 1676 brchiepiscopis
907 1607 939 1661 et
961 1600 1122 1679 Episcopis
1144 1602 1177 1662 in
1200 1602 1288 1664 Polo·

544 1689 613 1750 niae
636 1707 737 1767 regno
758 1692 979 1755 alternativam
1009 1703 1213 1774 perpetuam,
1238 1715 1289 1759 su-

545 1797 599 1860 per
621 1775 891 1849 iureconlerebdi
915 1787 1020 1848 omnia
1042 1796 1074 1849 et
1095 1789 1221 1867 singula
1237 1791 1290 1852 be-

544 1877 654 1937 neficia
684 1877 913 1952 ecclesiastica,
941 1881 1076 1957 quaein
1105 1898 1216 1945 eorum
1241 1901 1289 1944 re-

542 1972 684 2047 spective
696 1972 876 2034 civitatibus
891 1980 924 2035 et
938 1975 1148 2046 dioecesibus.
1166 1977 1290 2040 etiamsi

542 2065 743 2126 canonicatus
766 2075 797 2127 et
819 2068 1029 2143 praebendae,
1053 2069 1223 2146 dignitates
1246 2079 1290 2133 et-

544 2157 604 2219 iarn
625 2159 761 2221 maiores
777 2169 848 2238 post
863 2163 1121 2238 penetrabaat
1137 2165 1290 2242 principa-

545 2252 601 2323 les,
619 2261 818 2329 personatus,
835 2254 1125 2320 administrationes
1141 2266 1173 2320 et
1192 2259 1291 2322 officia

544 2346 638 2408 etiam
662 2357 768 2408 curata
791 2355 823 2408 et
847 2349 980 2411 electiva
1004 2351 1034 2410 in
1056 2351 1290 2414 cathedralibus

545 2440 640 2500 etiam
669 2441 925 2517 metropolitanis
954 2443 1005 2504 vel
1034 2444 1211 2520 collegiatis
1242 2461 1290 2508 ec-

545 2532 660 2604 clesiis,
685 2541 717 2594 et
739 2550 777 2596 ex
801 2536 912 2612 quavis
934 2553 1036 2606 causa,
1054 2537 1150 2599 eliam
1167 2541 1290 2602 ratione

546 2626 781 2698 familiaritatis,
806 2629 975 2690 continuae
1009 2633 1292 2696 commensalitatis

545 2719 678 2780 Romani
702 2719 861 2782 Pontihcis
891 2739 925 2784 ac
947 2723 1042 2784 etiam
1064 2723 1198 2786 alicuius
1220 2725 1293 2788 Car-

546 2812 658 2874 dinalis
681 2814 830 2886 viventis,
855 2817 944 2876 cuius
966 2832 1139 2880 consensus
1166 2821 1291 2896 exquiri

546 2906 689 2978 deberet,
714 2909 909 2984 generaliter
934 2918 1095 2972 reservata
1119 2911 1236 2983 locent,
1260 2913 1291 2974 in

547 3001 710 3074 iebruarii,
734 3003 852 3080 aprilis,
876 3005 966 3077 iunii,
990 3007 1129 3082 augusti,
1153 3007 1292 3070 octobris

547 3103 579 3156 et
600 3095 780 3158 decembris
810 3098 974 3159 mensibus
997 3099 1028 3160 in
1052 3107 1218 3177 posterum
1242 3115 1293 3162 va·

546 3205 618 3254 care
634 3189 831 3267 contigisset,
853 3207 1035 3252 concessam
1059 3192 1156 3254 luisse
1181 3193 1294 3271 depre-

549 3283 717 3356 hendatur,
741 3284 948 3362 ipsarumque
970 3286 1100 3362 vigore,
1124 3287 1294 3350 beneficio-

548 3391 621 3436 rum
644 3377 676 3437 in
699 3376 767 3437 aliis
783 3392 838 3438 sex
854 3377 997 3449 alternis,
1016 3395 1132 3457 nempe
1148 3381 1292 3453 ianuarii,

548 3469 665 3540 martii,
690 3471 773 3542 maii,
799 3471 878 3543 iulii,
896 3473 1087 3550 septembris
1109 3482 1141 3537 et
1163 3489 1294 3536 novem-

550 3562 614 3624 bris
648 3564 822 3634 mensibus,
855 3581 911 3642 pro
935 3575 1079 3644 tempore
1102 3569 1292 3640 vacantium,

549 3655 674 3718 collatio
697 3658 945 3736 omnimodaque
968 3660 1133 3738 dispositio
1153 3662 1293 3724 llornano

549 3749 692 3813 Pontilici
715 3766 772 3828 pro
795 3759 942 3829 tempore
964 3754 1113 3816 existenti
1133 3765 1295 3818 reservata

342 3909 345 3916 ,
550 3843 658 3905 luerit.

332 3953 450 4014 ¹meses
470 3951 530 3993 ron·
590 3939 608 4012 5
630 3937 659 4000 3.
684 3937 726 4000 Ea
749 3940 787 4001 de
803 3955 865 4001 rea
882 3942 1056 4004 venerabili
1079 3943 1169 4006 iratri
1186 3953 1296 4007 nostro

317 4003 531 4119 ,iiiiipffliciiiii
551 4029 708 4094 Uladislao
737 4034 912 4096 Lubienslci
946 4037 1101 4098 moderno
1133 4038 1297 4117 hrchiepi-

317 4109 532 4209 ὶξξζθωξέξξξξξῇ
550 4141 646 4202 scopo
666 4125 855 4199 Gnesnensi,
869 4131 999 4191 nonrine
1015 4131 1108 4192 etiam
1133 4133 1297 4194 venerabi-

316 4216 522 4264 observantiam.
551 4211 646 4280 lium·
663 4219 797 4282 iratrum
824 4229 1009 4284 nostrorum
1039 4224 1298 4304 archiepiscopo-

552 4331 623 4378 rum
658 4323 690 4376 et
720 4315 951 4394 Episcoporum
984 4317 1016 4379 in
1048 4322 1161 4383 eodem
1195 4338 1298 4399 regno

580 660 649 735 52.
673 660 753 724 Cum
786 663 893 740 itaque
915 663 1006 725 nobis
1030 679 1133 742 nuper
1154 666 1288 728 authen-

551 4597 626 4642 rendi
641 4598 805 4644 voluntatem
822 4599 848 4643 in
871 4610 909 4654 eo,
931 4599 1000 4656 quod
1017 4599 1050 4644 ad
1064 4600 1197 4645 rationem
1219 4599 1298 4657 perti-

551 4669 595 4709 net
605 4664 821 4711 conserendorum
839 4665 1035 4722 beneficiorum,
1046 4668 1200 4724 gratissimo
1209 4667 1297 4713 animo

550 4731 688 4790 accepisse.
704 4736 801 4778 Verum
817 4731 872 4780 illis
884 4735 910 4779 id
926 4745 1008 4779 unurn
1023 4735 1180 4792 agrofuisse
1194 4746 1298 4790 narras,

550 4800 619 4856 quod
638 4811 693 4855 nos,
707 4801 741 4846 ab
759 4801 869 4847 indultis
886 4802 979 4848 Leonis
994 4805 1023 4847 X.
1039 4806 1065 4848 et
1083 4803 1225 4848 clementis
1245 4807 1297 4848 Vll.

551 4867 578 4912 in
593 4867 775 4914 polonicorum
791 4870 879 4926 legum
898 4870 1012 4916 codicem
1029 4872 1114 4916 multo
1127 4875 1190 4915 ante
1204 4871 1298 4916 relatis

551 4936 619 4981 nihil
628 4937 798 4992 deflectendo,
808 4949 874 4982 novo
890 4937 993 4983 indulto
1008 4937 1077 4982 idem
1093 4937 1161 4994 quod
1176 4937 1216 4982 illi
1228 4948 1299 4994 prae-

550 5005 700 5050 decessores
716 5005 799 5050 nostri
814 5004 929 5050 diximus
947 5005 1019 5050 vobis
1037 5015 1214 5050 concessuros.
1233 5008 1299 5050 ilaec

552 5073 621 5118 enirn
637 5077 728 5118 nostra
744 5072 792 5117 tibi
808 5070 956 5128 ceterisque
972 5073 1047 5128 regni
1068 5072 1145 5118 istius
1166 5073 1299 5128 episcopis

551 5139 719 5197 gratificandi
734 5139 812 5194 ratio,
823 5139 965 5184 verendum
980 5151 1037 5184 esse
1052 5139 1154 5192 scribis,
1168 5151 1200 5184 ne
1215 5139 1299 5195 specie

551 5209 663 5264 quadam
680 5207 814 5262 novitatis,
824 5218 840 5252 a
850 5218 902 5264 qua
916 5207 1067 5263 optimates,
1079 5207 1123 5252 ubi
1138 5207 1168 5250 de
1179 5206 1299 5252 solemni-

551 5275 600 5320 bus
609 5274 775 5332 pactionibus
790 5277 816 5319 et
826 5274 961 5319 conventis
976 5279 1081 5329 agetur,
1091 5285 1170 5330 quam
1186 5273 1300 5319 maxime

551 5341 709 5396 abhorrent,
730 5351 822 5386 eorum
843 5341 958 5386 concitet
978 5341 1081 5386 animos
1101 5346 1126 5386 et
1149 5341 1299 5397 perturbet,

552 5417 648 5462 magno
657 5419 716 5452 curn
728 5407 844 5464 periculo
856 5407 1018 5454 amittendae
1028 5408 1148 5465 publicae
1161 5408 1239 5464 pacis.
1251 5411 1300 5453 Nos

552 5475 644 5530 igitur,
655 5485 768 5532 quorum
784 5475 954 5532 praecipuum
970 5487 1066 5520 rriunus
1081 5487 1139 5520 esse
1153 5476 1239 5526 debat,
1250 5487 1300 5521 non

551 5541 728 5588 dissensiones
751 5543 826 5588 modo
849 5543 950 5597 sedare,
971 5545 1015 5588 sed
1038 5543 1120 5588 etiam
1145 5543 1301 5588 novissimas

552 5621 670 5666 quasque
691 5610 862 5667 querelarum
886 5621 980 5656 causas
1001 5610 1156 5668 prohibere,
1180 5609 1301 5654 mollissi-

553 5687 623 5722 mam
646 5677 795 5734 reperimus
817 5682 844 5722 et
865 5677 1062 5734 pacatissimam
1086 5679 1169 5726 viam.
1191 5689 1242 5734 qua
1262 5678 1301 5722 be·

554 5744 677 5789 nellcium
703 5749 823 5789 nostrum
847 5744 1031 5790 fraternitates
1053 5747 1156 5790 vestrae
1177 5745 1301 5801 consequi

554 5813 663 5868 possint.

341 5889 470 5931 [eumaem
484 5897 537 5930 ogr.
595 5881 641 5928 εἳ.
657 5881 749 5935 ltaque
764 5879 887 5924 batariae
897 5884 1003 5936 nostrae
1020 5880 1155 5926 ministros
1166 5879 1204 5924 sic
1213 5881 1302 5924 sancte

322 5945 418 5986 uorem
456 5943 537 5991 facit
555 5945 734 6003 inviolateque
756 5947 849 5991 Leonis
869 5949 898 5991 X.
921 5949 948 5991 et
970 5947 1111 5992 Clementis
1132 5949 1184 5990 VII.
1198 5944 1303 5989 indulta

1061 547 1125 590 litu.
1151 547 1241 592 rubr.
1266 549 1305 593 bu
1329 550 1357 599 Ρ.
1382 550 1411 594 F.
1436 550 1518 594 PARS
1540 551 1561 596 l.

2126 525 2308 584 mamaea

1342 667 1571 740 existentium,
1595 669 1687 732 nobis
1710 670 1770 733 luit
1802 670 2031 750 supplicatum,
2055 679 2091 733 ut

1344 759 1494 836 gravibus
1519 761 1645 823 tandem
1665 763 1889 840 diuturnisque
1903 770 2090 826 controver-

1342 853 1408 922 siis,
1432 853 1512 914 circa
1535 869 1649 916 eorum
1672 856 1720 917 ius
1737 857 1769 918 in
1787 856 1982 934 primodictis
1997 853 2090 918 alter·

1344 945 1391 1006 nis
1415 946 1579 1008 mensibus
1602 949 1798 1020 conterendi,
1824 950 1988 1021 dirimere,
2012 951 2089 1028 ipsa-

1344 1054 1482 1114 rumque
1512 1040 1625 1102 Leonis
1654 1048 1686 1104 et
1717 1041 1891 1104 Clementis
1924 1043 2089 1104 literarum

1343 1148 1441 1208 super
1456 1132 1641 1195 alternative
1667 1135 1848 1198 huiusmodi
1867 1152 2090 1198 concessarum

1343 1225 1579 1286 observantiam
1602 1229 1786 1306 praecipere
1801 1229 2020 1305 dignaremur.
2045 1229 2091 1291 ln·

1343 1333 1441 1395 super
1462 1319 1543 1380 circa
1565 1321 1748 1398 praemissa,
1772 1323 1976 1384 charissimus
1996 1324 2090 1384 etiarn

1343 1411 1375 1472 in
1397 1410 1526 1472 Christo
1543 1413 1625 1473 illius
1641 1421 1751 1476 noster
1767 1415 1931 1492 Augustus
1944 1416 2092 1478 Poloniae

1344 1521 1401 1566 reu
1436 1505 1588 1578 illustris,
1618 1523 1674 1584 per
1706 1510 1924 1571 venerabilem
1959 1509 2089 1571 iratrem

1344 1606 1491 1660 nostrum
1514 1599 1665 1661 loannem
1682 1601 1882 1663 Franciscum
1901 1602 2091 1680 Episcopum

1345 1689 1567 1763 sabinensem,
1590 1692 1623 1755 S.
1639 1694 1672 1756 li.
1699 1695 1733 1756 ll.
1758 1696 1956 1758 Cardinalem
1980 1696 2092 1758 Albani

1345 1797 1583 1864 nuncupatum,
1617 1789 1698 1866 apud
1729 1806 1786 1851 nos
1819 1797 1851 1850 et
1879 1789 2093 1868 apostolicam

1345 1877 1461 1941 Sedem
1485 1881 1584 1958 ipsius
1607 1883 1700 1958 regni
1732 1889 1958 1960 protectorem,
1983 1899 2093 1961 preces

1345 1988 1475 2051 quoque
1496 1991 1567 2036 suas
1589 1975 1713 2038 effudit.

1386 2070 1404 2144 ἓ
1432 2067 1460 2130 b.
1484 2067 1548 2131 Nos
1577 2070 1695 2146 igitur,
1720 2070 1795 2131 dum
1827 2071 1969 2132 animum
2006 2087 2094 2134 men·
2126 2078 2336 2135 pontifexeme-

1346 2170 1477 2241 temque
1499 2164 1535 2226 ad
1558 2163 1639 2240 ipsas
1662 2163 1946 2239 praedecessorum
1970 2173 2093 2226 nostro·
2112 2133 2337 2248 iiiiiiimarct‘iil

1347 2271 1419 2315 rum
1442 2255 1664 2332 dispositiones
1686 2271 1880 2333 componere
1912 2257 2091 2327 studemus,
2113 2247 2336 2349 ζῗῑξζᾛέθέῖἷζ

1347 2350 1594 2425 perpendentes,
1619 2349 1743 2410 easdem
1776 2349 1908 2422 litteras,
1934 2351 2024 2412 iustis
2055 2352 2094 2413 de
2114 2345 2337 2446 giiffiglsi‘ffifffg

1347 2441 1459 2512 causis,
1480 2439 1626 2517 precibus
1642 2438 1837 2517 Sigismundi
1857 2450 1931 2504 tunc
1946 2442 2094 2506 Poloniae
2114 2455 2173 2507 fuit,
2186 2452 2335 2498 confirmat

1348 2535 1451 2610 regis,
1477 2535 1664 2612 praesertim
1696 2535 1735 2596 ob
1766 2536 1923 2612 praeclara
1947 2537 2033 2598 illius
2061 2540 2094 2600 in
2114 2506 2297 2563 ⁰⁸ap¹³⁹⁰b³²'

1348 2627 1534 2689 catholicam
1565 2626 1757 2704 religionem
1789 2629 2029 2707 Romanamque
2057 2633 2095 2692 h-

1348 2720 1534 2798 postolicam
1557 2718 1670 2782 Sedem
1703 2722 1837 2793 merita,
1861 2722 1959 2784 luisse
1982 2723 2096 2800 elargi-

1349 2819 1410 2884 tas,
1442 2822 1476 2874 ut
1507 2815 1747 2876 controversiae
1781 2813 1941 2876 hactenus
1973 2817 2096 2878 habitae

1348 2907 1570 2978 eliminentur,
1588 2922 1766 2984 omnesque
1796 2908 1912 2969 divinis
1935 2910 2097 2987 obsequiis

1348 3000 1620 3076 ecclesiarumque
1639 3001 1779 3062 servitiis
1797 3003 1973 3080 mancipati,
1993 3005 2031 3065 de
2048 3021 2096 3066 ec-

1348 3093 1530 3155 clesiasticis
1564 3095 1772 3172 proventibus
1804 3097 1973 3174 participes
2006 3097 2095 3171 lacti,

1349 3187 1448 3248 libera
1472 3195 1504 3248 et
1525 3189 1650 3264 integra
1672 3187 1770 3248 animi
1791 3189 1971 3251 intentione
2002 3193 2097 3252 sacris

1350 3281 1459 3342 officiis
1488 3289 1520 3342 et
1541 3281 1728 3342 ministeriis
1754 3292 1866 3344 vacare
1889 3284 2028 3362 possint,
2052 3283 2098 3344 in-

1350 3375 1431 3436 tuitu
1465 3375 1539 3436 dicti
1570 3375 1708 3450 Augusti
1740 3376 1825 3452 regis
1858 3377 2025 3453 religionis
2056 3385 2098 3437 at-

1349 3483 1425 3545 que·
1441 3467 1545 3530 filialis
1575 3484 1651 3545 erga
1673 3485 1731 3530 nos
1754 3479 1786 3532 et
1807 3468 2019 3548 Apostolicam
2043 3469 2097 3533 Se-

1350 3563 1423 3624 dem
1447 3563 1679 3633 observantiae,
1705 3580 1849 3626 necnon
1871 3565 1911 3626 ob
1937 3565 2098 3641 insignem

1350 3657 1539 3718 eorumdem
1563 3656 1886 3736 archiepiscoporum
1916 3667 1948 3720 et
1971 3659 2097 3736 llpisco·

1351 3765 1466 3827 porum
1499 3749 1648 3826 pietatem
1678 3767 1857 3828 eorumque
1882 3752 2014 3824 merita,
2044 3752 2099 3828 qui

1351 3846 1427 3908 dum
1450 3846 1519 3922 regi
1541 3846 1601 3924 ipsi
1634 3853 1768 3924 prosunt
1796 3847 1947 3919 consiliis,
1972 3847 2100 3924 propria

1351 3942 1444 4003 etiam
1470 3941 1637 4020 pastoralia
1660 3939 1767 4001 munia
1783 3956 1878 4018 quam
1899 3941 2100 4004 laudabiliter

1351 4035 1527 4112 adimplere
1549 4043 1714 4111 satagunt,
1740 4035 1922 4099 huiusmodi
1945 4037 2099 4114 supplica-

1353 4129 1492 4191 tionibus
1521 4128 1662 4190 inclinati
1692 4147 1726 4190 ac
1755 4139 1842 4191 niolu
1874 4147 2003 4208 quoque
2030 4147 2100 4210 pro-

1354 4225 1422 4302 prio
1451 4232 1482 4286 et
1510 4241 1549 4287 ex
1572 4234 1656 4287 certa
1685 4225 1815 4288 scientia
1844 4226 1949 4302 deque
1977 4233 2101 4303 aposto-

1352 4319 1430 4380 licae
1452 4319 1616 4396 potestatis
1640 4319 1851 4398 plenitudine,
1869 4320 1982 4380 harum
2003 4321 2098 4390 serie,

1512 4499 1590 4506 -a-n-

1351 4599 1526 4656 imposterum
1543 4609 1649 4644 servare
1668 4598 1826 4653 iubebimus,
1843 4601 1872 4643 ut
1889 4598 1916 4643 iu
1931 4609 1970 4654 eo,
1984 4598 2053 4655 quod
2067 4598 2100 4643 ad
2120 4603 2229 4643 iussisse
2255 4602 2343 4664 'Dara-

1350 4667 1506 4712 conlerenda
1522 4665 1646 4712 beneficia
1662 4666 1784 4722 pertinet.
1797 4677 1828 4710 ue
1845 4667 1982 4711 tantillum
1994 4666 2100 4722 quidem
2119 4657 2177 4696 riae
2189 4655 2339 4718 missas-raas,

1351 4736 1384 4781 ab
1399 4735 1432 4780 iis
1443 4735 1554 4779 indultis
1571 4735 1701 4778 recedant.
1713 4734 1739 4778 ld
1757 4745 1818 4778 vero
1830 4735 1965 4792 negotium
1980 4734 2025 4778 diu
2037 4733 2100 4778 mul·
2119 4709 2343 4804 {12272553‘1'2‘0023'22'

1353 4805 1462 4858 tumque
1477 4803 1526 4847 sub
1537 4802 1783 4858 praedecessoribus
1797 4801 1895 4847 nostris
1910 4803 1936 4845 iu
1953 4811 2049 4856 nragna
2060 4803 2102 4846 ra²
2120 4819 2168 4858 gut,
2186 4817 2282 4856 goonis
2308 4814 2340 4855 Χ,

1352 4868 1447 4915 rietate
1460 4874 1604 4924 versatum,
1613 4881 1684 4913 nuuc
1698 4869 1803 4914 denarum
1821 4869 1932 4925 impigre
1947 4871 1973 4914 et
1983 4869 2101 4925 graviter
2119 4872 2143 4910 ct
2155 4869 2267 4910 Cremera.
2283 4869 2340 4909 ΠΙ,

1352 4938 1489 4982 adnitente
1499 4937 1594 4982 dilecto
1610 4936 1665 4980 filio
1677 4941 1767 4981 nostro
1783 4940 1878 4981 Ioanne
1891 4937 2029 4982 Francisco
2043 4939 2102 4980 Car·
2119 4923 2343 4995 Qirffl‘iiiffl'i‘afi·

1353 5004 1434 5050 dinali
1444 5003 1602 5060 Albanoqui
1611 5015 1660 5047 non
1670 5003 1746 5047 niodo
1756 5007 1893 5048 strenuam
1901 5013 2007 5059 operam
2016 5013 2100 5056 suain,
2120 4985 2185 5070 m
2203 4975 2343 5070 beo'gfffiss

1354 5070 1490 5116 sedetiam
1504 5069 1639 5126 diligentis
1650 5070 1766 5114 hominis
1780 5071 1929 5126 harumque
1942 5081 2032 5114 rerum
2044 5081 2102 5125 pru·
2121 5092 2189 5124 mm,

1353 5139 1440 5182 dentis
1452 5137 1542 5181 dilecti
1559 5137 1606 5181 biii
1619 5136 1759 5181 Alexandri
1774 5137 1917 5181 Roccatani
1929 5137 2039 5182 Polouae
2054 5137 2103 5180 rei·

1354 5205 1475 5261 publicae
1491 5205 1517 5248 in
1533 5205 1581 5249 bac
1597 5207 1687 5248 nostra
1699 5207 1817 5248 Rornana
1828 5203 1906 5249 cirria
1920 5205 1999 5248 rebus
2013 5215 2102 5258 geren-

1354 5271 1394 5317 dis
1403 5269 1554 5329 praepositi,
1563 5269 1724 5315 industriam
1732 5269 1862 5324 adhibuit,
1869 5270 2032 5315 fraternitati
2042 5275 2103 5316 tuae

1356 5349 1514 5395 magnopere
1524 5339 1694 5393 gratulamur
1705 5337 1745 5382 tui
1760 5337 1893 5393 primatus
1905 5341 2021 5394 tempora
2034 5341 2104 5382 tran-

1354 5407 1438 5464 quille
1454 5411 1489 5460 et,
1512 5410 1542 5451 nt
1563 5405 1729 5460 confidimus,
1751 5403 1807 5450 sine
1825 5403 1980 5460 cuiusquam
1997 5405 2105 5460 querela

1355 5475 1435 5520 luisse
1450 5475 1605 5520 coniectum.
1620 5473 1762 5530 Reliquum
1778 5477 1827 5526 est,
1843 5475 1881 5528 ut,
1898 5472 1965 5528 quod
1980 5472 2105 5516 amantis·

1355 5543 1422 5586 sime
1446 5541 1572 5595 tacimus,
1595 5540 1759 5586 maternitati
1781 5543 1843 5584 tuae
1864 5538 2010 5594 ceterisque
2033 5551 2105 5583 vene-

1356 5609 1485 5654 rabilibus
1499 5608 1627 5654 fratribus
1644 5608 1727 5664 ipsius
1743 5607 1818 5662 regui
1834 5606 1975 5663 Episcopis,
1989 5605 2104 5662 optimae

1356 5687 1420 5732 erga
1434 5688 1479 5721 vos
1493 5686 1584 5719 omnes
1607 5673 1752 5720 voluntatis
1768 5679 1874 5719 nostrae
1896 5673 1991 5729 pignus
2005 5676 2106 5727 aposto·

1355 5744 1434 5788 licam
1450 5741 1655 5788 benedictionem
1672 5741 1868 5799 impertiamur.

1395 5813 1490 5856 Datum
1513 5812 1619 5863 Romae,
1636 5810 1706 5866 apud
1726 5813 1750 5854 S.
1774 5808 1884 5854 Mariam
1907 5808 2041 5862 Maiorem,
2057 5807 2106 5852 sub

1356 5878 1454 5922 annulo
1466 5876 1615 5932 Piscatoris,
1625 5877 1667 5922 die
1678 5889 1711 5922 iv.
1724 5875 1882 5933 septembris
1893 5885 2036 5930 sincerans,
2046 5885 2106 5930 pon·

1357 5945 1474 5990 tiilcatus
1490 5944 1572 5989 nostri
1589 5956 1658 5991 aurio
1672 5957 1696 5990 v.
