4814 6998
561 551 621 620 aba

542 695 656 758 cursali
667 696 890 774 llingerode,a
903 698 1045 776 paroecia
1056 711 1184 774 quoque
1193 692 1292 756 Noer-

544 788 619 850 tben
649 805 723 851 cum
748 790 869 852 duabus
892 790 1035 852 ecclesiis
1057 787 1291 852 succursalibus

542 897 577 944 ac
600 883 742 960 paroecia
758 883 984 959 llenslrausen3
1003 883 1173 959 deniquae
1190 879 1291 940 tribus

543 976 696 1052 paroeciis
724 976 907 1050 Hannorer,
936 977 1108 1053 uoaarngen
1141 983 1173 1037 et
1203 973 1303 1036 delle.

544 1067 642 1146 vulgo
675 1069 875 1148 nuncupatis,
901 1085 981 1146 qnae
1010 1070 1162 1130 hactenns
1195 1084 1210 1128 a
1242 1067 1292 1127 sui

544 1161 706 1239 praedicto
721 1164 878 1224 moderno
897 1164 1051 1243 Episcopo
1067 1160 1291 1224 llildesimensi

545 1257 734 1318 missionum
757 1257 1068 1336 septemtrionalium
1085 1256 1203 1316 vicario
1221 1270 1292 1332 apo-

543 1349 655 1412 stolico
677 1349 811 1413 luerunt
832 1351 1041 1429 spiritualiter
1063 1349 1270 1427 gubernatae.

581 1444 600 1518 ἓ
621 1443 670 1504 al.
689 1433 848 1507 lli'oecesis
864 1442 1120 1521 Osnabrugensis
1137 1441 1293 1504 constabit

543 1551 583 1596 eu
604 1537 819 1614 sequentibus
837 1537 1052 1608 decanatibus,
1080 1536 1232 1598 videlicet
1254 1551 1292 1596 ex

544 1629 697 1693 decanatu
719 1632 872 1694 ecclesiae
901 1631 1090 1696 cathedralis
1111 1637 1143 1692 et
1158 1629 1293 1692 civitatis

543 1721 798 1802 dsnabrugcusis
821 1733 943 1804 septem
967 1725 1153 1788 continente
1186 1738 1294 1806 pagae-

544 1817 616 1890 cias,
640 1834 778 1897 quarum
794 1821 873 1882 duae
890 1821 1099 1898 reperiuntur
1114 1819 1147 1880 in
1167 1817 1293 1881 civitate

544 1911 610 1990 ipsa
626 1911 876 1990 0snabrngensi,
895 1913 1037 1990 reliquae
1054 1928 1131 1976 vero
1148 1913 1179 1974 in
1195 1910 1294 1988 ipsius

427 2049 431 2052 -
544 2006 727 2079 territorio,
762 2015 1053 2086 nuncupanturque
1084 2006 1198 2077 Bellm,
1230 2005 1295 2064 Bis-

543 2100 695 2172 sendortl,
728 2100 832 2174 llulle,
867 2101 1128 2164 Sobiedebausen
1160 2107 1193 2161 et
1213 2097 1296 2162 Wal-

543 2192 709 2269 lenborst;
733 2211 772 2257 er
794 2195 946 2258 decanatu
972 2194 1067 2270 lburg
1085 2194 1183 2270 vulgo
1199 2194 1295 2255 deno·

545 2286 665 2348 minato
687 2295 811 2366 septem
833 2288 953 2364 pariter
981 2286 1216 2364 complectente
1246 2302 1295 2363 pa-

545 2379 677 2453 roecias,
710 2387 746 2442 ιιι
780 2381 927 2458 sequitur
960 2390 1169 2456 nuncupatas,
1194 2379 1223 2441 id
1248 2387 1296 2441 est

545 2473 698 2551 Borglob,
723 2473 886 2546 Glaudori,
910 2475 1020 2548 Giano,
1045 2473 1165 2550 Hagen,
1185 2473 1293 2551 lburg,

545 2567 625 2630 Laer
647 2575 679 2630 et
699 2565 844 2644 0esede;
868 2583 907 2630 ex
930 2568 1083 2630 decanatu
1105 2568 1293 2640 larnenau,

545 2661 601 2737 qui
630 2660 779 2724 undecim
802 2669 974 2738 sequentes
1000 2662 1224 2740 complectitur
1246 2678 1296 2738 pa·

547 2751 676 2823 roecias,
691 2767 809 2830 nempe
824 2751 941 2830 Berge,
953 2753 1141 2824 lurstenau,
1154 2753 1294 2824 llerzen,

547 2844 814 2918 Neuenlrircben,
849 2845 1082 2922 seuwagstorn
1113 2844 1293 2922 Voltblage,

547 2935 730 3011 Alibaulen,
755 2937 897 3010 lunum,
922 2939 1123 3014 Radbergen,
1147 2938 1296 3000 Berssen·

547 3029 649 3091 briick
673 3039 705 3095 et
719 3030 973 3106 Quakenbriiclr3
995 3047 1034 3093 ex
1049 3033 1201 3093 decanatu
1218 3030 1297 3093 Vbr-

455 3121 459 3126 “
550 3123 610 3186 den
633 3133 828 3204 nuncupato,
858 3126 913 3202 qui
943 3125 1094 3188 undecim
1124 3133 1296 3202 sequentes

550 3217 773 3296 complectitur
808 3219 986 3298 paroecias,
1021 3219 1171 3282 videlicet
1200 3219 1295 3296 Lage,

549 3309 735 3387 llalgarten,
763 3311 905 3382 Vdrden
935 3312 1059 3384 Bomte,
1092 3311 1295 3389 Hunteburg

548 3402 792 3484 Osterlrappeln,
826 3405 956 3468 Sanctae
990 3405 1109 3477 Annae,
1133 3404 1294 3478 Gesmold,

549 3497 654 3570 Melle,
671 3499 847 3570 lliemslob,
861 3497 1208 3575 Wellingboltbausen,
1227 3515 1297 3561 nec-

549 3607 613 3653 non
639 3599 745 3671 partes
776 3593 845 3654 illas
871 3593 1089 3671 paroeciarum
1113 3592 1244 3656 Damme
1266 3602 1299 3656 et

548 3683 810 3760 Neueukireben,
835 3702 916 3764 quae
939 3687 1021 3748 intra
1053 3685 1171 3748 limites
1205 3689 1296 3764 regni

548 3777 785 3842 Hannoveriani
800 3782 1010 3859 reperiuntur
1023 3803 1031 3856 3
1056 3797 1095 3842 ex
1112 3781 1297 3859 llrclaipres-

544 3872 697 3951 byteratu
718 3873 880 3936 interioris
897 3875 1064 3936 comitatus
1082 3875 1205 3952 Lingen
1221 3875 1297 3936 duo-

549 3966 652 4029 decim
674 3969 860 4030 continente
883 3969 1053 4046 paroecias,
1078 3969 1230 4032 videlicet
1244 3969 1298 4030 Ba-

548 4059 679 4132 uinkel‚
694 4061 842 4134 Beesten,
859 4061 991 4134 Frereu,
1010 4063 1201 4140 bengericb,
1219 4063 1298 4125 lles-

549 4153 675 4231 singen‚
700 4153 855 4234 Schapen,
874 4156 1009 4228 Tbuine,
1028 4157 1174 4230 Baccum,
1191 4157 1297 4218 Bram-

548 4248 634 4320 scbe,
659 4247 794 4326 Lingcn,
819 4250 1010 4313 Plantliinne
1033 4260 1065 4314 et
1081 4249 1204 4328 Spelle;
1226 4268 1298 4314 nec-

549 4357 614 4404 non
626 4359 667 4405 ex
677 4343 793 4420 viginti
804 4352 928 4422 septem
942 4345 1095 4423 paroeciis
1108 4346 1140 4407 in
1153 4346 1297 4408 districtu

549 4435 589 4497 de
621 4433 756 4515 lleppen
788 4439 1031 4516 comprehensis
1062 4446 1094 4500 et
1124 4441 1160 4501 ad
1194 4439 1298 4500 llona-

549 4530 740 4592 steriensem
770 4531 942 4594 dioecesim
964 4533 1024 4594 iam
1048 4534 1295 4611 pertinentibus,

549 4622 700 4686 videlicet
730 4623 942 4699 tlscbendorl,
976 4627 1110 4697 Beesen,
1144 4626 1295 4700 Bokeloe,

550 4715 683 4793 Bdrger,
707 4717 846 4796 Ddrpen,
870 4719 1063 4790 Emsbiiren,
1094 4717 1210 4786 Haren,
1241 4719 1283 4780 lla

550 4809 698 4883 seliinne,
715 4810 833 4885 Heede,
851 4812 1021 4885 Herzlake,
1039 4812 1175 4891 Hesepe,
1193 4813 1295 4883 licite,

550 4903 659 4978 Laten,
683 4905 802 4984 Lorup,
820 4906 965 4984 lleppen,
984 4905 1185 4984 Papenburg‚
1200 4905 1298 4968 eccle-

550 4998 594 5058 sia
616 4999 809 5076 principalis,
833 5017 867 5061 ac
892 4999 951 5062 alia
982 4999 1128 5061 eiusdem
1159 4999 1298 5060 nominis

550 5092 681 5154 ecclesia
702 5093 892 5155 succursalis
913 5092 1034 5164 llbede,
1066 5092 1296 5164 Rnttenbroclr,

551 5185 719 5259 Steinbild,
733 5185 840 5264 Sdgel,
855 5185 1069 5264 Senepsdorll,
1089 5185 1297 5262 Salabergen,

550 5279 677 5351 lwiest,
695 5279 923 5357 Twiestingen,
942 5279 1064 5342 Werlte
1086 5288 1118 5342 et
1140 5279 1297 5341 Wesuwe.

551 5373 630 5435 Tres
662 5388 791 5451 quoque
823 5374 1043 5450 adiunguntur
1077 5375 1239 5452 paroeciae
1264 5375 1297 5434 in

551 5468 650 5530 Frisia
671 5465 823 5530 Orientali
846 5468 966 5546 positae
988 5475 1020 5530 et
1047 5469 1204 5546 praelatae
1238 5467 1300 5530 llo·

551 5561 740 5624 nasteriensi
764 5562 902 5624 dioecesi
926 5562 988 5623 iam
1013 5561 1185 5633 subiectae,
1220 5577 1300 5638 quae

552 5655 688 5728 Emdem
713 5655 794 5716 Leer
822 5663 854 5718 et
885 5655 1014 5718 Norden
1046 5656 1146 5733 vulgo
1179 5671 1300 5718 nuncu-

552 5755 686 5827 pantur3
710 5758 742 5812 et
762 5755 927 5826 postremo
940 5756 1013 5812 octo
1029 5750 1203 5828 paroeciae,
1220 5766 1301 5826 quae

551 5844 760 5920 reperiuntur
775 5842 808 5903 in
824 5843 975 5906 comitatu
990 5844 1030 5905 de
1045 5843 1215 5904 Bentbeim
1231 5851 1300 5904 actu

551 5954 566 5997 a
594 5953 695 6016 regno
728 5937 973 6000 Hannoveriano
1007 5938 1038 5999 in
1072 5937 1301 6016 temporalibus

1069 571 1259 622 TRAG'I'ATUS
1281 569 1338 616 SEU
1360 567 1573 616 CONCORDATA

1349 692 1578 769 dependentes,
1604 699 1635 753 et
1657 690 1809 754 hactenus
1832 707 1847 750 a
1870 684 2011 766 praelato
2034 683 2096 748 llo-

1349 785 1538 847 nasteriensi
1561 785 1717 863 Episcopo
1740 784 1948 860 gubernatae,
1983 797 2099 858 nempe

1349 878 1529 950 Bentbeim,
1547 878 1750 950 Brandleclrt,
1769 876 1993 944 Embliclreim,
2005 874 2097 936 Laer-

1350 972 1459 1043 walde,
1477 989 1534 1034 seu
1551 971 1672 1043 Wolda,
1691 969 1874 1040 Nordborn,
1891 968 2097 1038 Nenonbaus,

1350 1063 1527 1130 Scbiittorll
1547 1074 1578 1129 et
1597 1064 1857 1128 Wittmarscben.
1950 1097 1953 1102 -

1389 1160 1484 1234 §aa
1509 1159 1687 1223 Praedictos
1719 1173 1797 1220 vero
1831 1158 2015 1228 decanatus,
2050 1173 2100 1234 pa-

1348 1253 1469 1315 roecias
1505 1261 1537 1314 et
1569 1253 1635 1316 loca
1668 1251 1832 1330 Episcopis
1864 1267 1922 1328 pro
1955 1261 2099 1328 tempore

1350 1346 1574 1408 Hildesrmensi
1596 1353 1628 1408 et
1649 1345 1886 1422 osnabrugensi
1910 1359 1967 1422 pro
1984 1359 2098 1405 eornm

1349 1442 1529 1518 respective
1552 1440 1751 1502 dioecesibus
1774 1439 1935 1510 attributa,
1970 1453 2099 1500 eorum-

1351 1550 1413 1612 que
1436 1534 1553 1596 incolas
1580 1533 1751 1610 utriusque
1773 1547 1880 1604 sexus,
1914 1539 1978 1594 tam
2011 1531 2103 1593 cleri-

1350 1645 1403 1691 cos
1426 1621 1526 1706 quam
1544 1627 1650 1700 laicos,
1668 1627 1782 1688 iisdem
1809 1625 1952 1704 ecclesiis
1974 1641 2102 1687 eorum-

1351 1739 1414 1800 que
1437 1721 1635 1800 praesulibus
1659 1735 1716 1799 pro
1742 1721 1808 1782 suis
1830 1719 2009 1796 respective
2040 1726 2103 1780 ter-

1352 1816 1475 1889 ritorio,
1500 1815 1648 1886 dioecesi,
1672 1815 1759 1878 clero
1782 1821 1814 1876 et
1843 1812 1961 1891 populo
1990 1827 2104 1890 perpe·

1353 1916 1407 1971 tuo
1429 1910 1628 1986 assignamus
1650 1915 1682 1970 et
1702 1909 1735 1969 in
1759 1906 1978 1985 spiritualibus
2002 1905 2103 1966 omni-

1354 2004 1449 2066 modo
1471 2003 1674 2077 subiicimus3
1699 2009 1933 2080 proptereaque
1948 2000 2055 2062 statim
2072 2015 2106 2061 ac

1355 2105 1539 2176 praesentes
1563 2096 1688 2158 litterae
1712 2095 1871 2174 plenariae
1894 2094 2016 2156 luerint
2031 2109 2106 2156 exe-

1353 2191 1501 2268 quutioni
1539 2190 1722 2260 mandatae,
1758 2189 1861 2250 omnis
1897 2188 2104 2264 antiquorum

1356 2283 1688 2361 Metropolitanorum,
1701 2281 1956 2353 ordinariorum,
1968 2279 2106 2342 vicario·

1354 2393 1427 2439 rum
1448 2376 1710 2455 apostolicorum,
1726 2393 1783 2438 seu
1800 2375 2105 2438 administratorum

1353 2471 1530 2533 iurisdictio
1546 2472 1578 2532 in
1599 2471 1787 2548 supradictis
1810 2470 1887 2532 locis
1902 2470 2107 2531 decanatibus

1353 2571 1386 2626 et
1412 2564 1562 2642 paroeciis
1595 2579 1720 2626 cessare
1751 2564 1891 2635 debebit,
1927 2579 2108 2640 omnesque

1355 2667 1430 2722 tunc
1463 2658 1628 2720 lacultates
1661 2659 1693 2720 in
1725 2658 1800 2720 locis
1832 2665 1865 2720 et
1898 2657 2038 2736 partibus
2068 2658 2107 2718 ab

1354 2767 1467 2813 eorum
1491 2752 1712 2814 iurisdictione
1734 2751 1902 2813 subtractis
1918 2749 2039 2812 nullius
2055 2765 2108 2811 ro·

1355 2846 1441 2908 boris
1469 2845 1522 2908 rel
1555 2846 1711 2907 momenti
1733 2845 1868 2922 amplius
1897 2843 2019 2906 luturas
2052 2843 2108 2906 de·

1354 2937 1521 3000 claramus.

1395 3033 1413 3107 5
1435 3031 1485 3094 23.
1509 3030 1550 3094 Ut
1571 3033 1704 3110 insuper
1726 3031 1942 3094 commoditati
1973 3031 2108 3110 pepulo-

1356 3142 1428 3188 rum
1451 3127 1495 3188 sic
1525 3133 1561 3187 ut
1591 3143 1687 3206 supra
1721 3125 1907 3203 respectivis
1941 3124 2107 3202 Episcopis

1355 3219 1576 3282 subiectorum
1610 3220 1810 3288 consulatur,
1843 3218 2105 3296 praescribimus,

1355 3320 1391 3375 ut
1402 3313 1508 3375 omnia
1521 3319 1553 3374 et
1563 3313 1689 3390 singula
1701 3315 1893 3375 documenta
1906 3311 2108 3390 respicientia

1356 3407 1503 3469 ecclesias
1533 3413 1565 3467 et
1592 3407 1658 3468 loca
1686 3413 1841 3484 utsupra
1867 3405 2106 3474 dismembrata,

1356 3507 1387 3562 et
1409 3500 1448 3562 de
1471 3515 1556 3562 novo
1578 3501 1775 3578 applicatae
1800 3499 1966 3563 veteribus
1987 3498 2109 3561 cancel·

1356 3593 1441 3656 lariis
1463 3595 1587 3655 extrabi
1617 3603 1649 3656 et
1674 3593 1868 3656 cancellariis
1895 3592 2108 3663 dioecesium,

1356 3687 1472 3765 quibus
1494 3695 1590 3750 erunt
1611 3690 1821 3766 incorporata,
1840 3687 1978 3749 debeant
1994 3701 2111 3764 oppor-

1357 3789 1431 3843 tuna
1454 3780 1557 3843 lorma
1580 3783 1671 3854 tradi,
1696 3789 1791 3858 atque
1819 3781 1852 3842 in
1881 3781 1920 3842 iis
1952 3787 2110 3858 perpetuo

1355 3877 1524 3938 asservari.

1396 3973 1414 4045 ἓ
1443 3969 1492 4031 24.
1516 3969 1625 4030 Habita
1649 3970 1744 4030 modo
1766 3967 1889 4030 ratione
1909 3967 2109 4038 reddituum,

1357 4062 1526 4142 episcopal.
1551 4079 1695 4124 mensam
1720 4062 1942 4124 Hildesimens.
1960 4062 1998 4123 de
2018 4077 2111 4124 more

1358 4157 1454 4219 taxari
1484 4159 1517 4218 in
1547 4157 1677 4218 llorenis
1708 4156 1920 4233 septingentis
1954 4155 2112 4232 quinqua·

1357 4250 1444 4328 ginta
1467 4267 1523 4314 sea
1546 4251 1614 4312 auri
1637 4249 1676 4311 de
1701 4265 1836 4320 camera,
1865 4257 1897 4311 et
1923 4249 2109 4312 huiusmodi

1357 4352 1460 4406 taram
1483 4346 1515 4405 in
1537 4343 1627 4405 libris
1649 4359 1794 4405 camerae
1817 4350 1945 4404 nostrae
1960 4343 2112 4419 apostoli-

1356 4455 1410 4500 cae
1432 4437 1569 4500 describi
1593 4438 1791 4498 mandamus.
1818 4435 1906 4509 Quod
1930 4452 2009 4499 vero
2038 4453 2110 4514 spe-

1357 4539 1419 4593 ctat
1455 4530 1669 4609 episcopalem
1705 4547 1849 4592 mensam
1881 4529 2109 4608 osnabrugen-

1357 4641 1438 4697 sem,
1463 4625 1590 4701 quando
1613 4625 1700 4686 locus
1723 4623 1823 4686 lactus
1837 4624 1937 4685 luerit
1951 4623 2038 4685 illins
2053 4624 2108 4685 do·

1359 4717 1468 4780 tattoni
1503 4725 1539 4778 ut
1573 4733 1668 4796 supra
1701 4717 1903 4788 enuntiatae,
1940 4717 2109 4780 ecclesiam

1358 4811 1458 4890 ipsam
1480 4813 1519 4874 de
1542 4827 1633 4873 more
1656 4812 1754 4872 taxari
1776 4812 1809 4873 in
1831 4813 1962 4874 ilorenis
1976 4827 2110 4874 sexcen-

1360 4913 1427 4966 tum
1453 4908 1617 4982 sexaginta
1640 4921 1695 4966 sex
1724 4906 1792 4966 auri
1820 4906 1858 4967 de
1881 4921 2004 4967 camera
2034 4921 2110 4968 cum

1359 4998 1484 5061 duobus
1510 4997 1623 5070 tertiis,
1652 4999 1853 5078 eandemque
1879 5005 1983 5060 texam
2013 4999 2045 5060 in
2073 4999 2109 5060 li·

1359 5092 1424 5154 bris
1439 5092 1629 5171 apostolicae
1645 5107 1790 5153 camerae
1805 5091 1955 5155 similiter
1970 5092 2108 5155 describi

1360 5186 1559 5248 mandamus.
2039 5213 2044 5222 ·

1399 5279 1489 5354 §ab
1514 5279 1669 5356 Deriique,
1694 5287 1730 5341 ut
1762 5287 1873 5342 cuncta
1905 5298 1920 5341 a
1954 5280 2047 5342 nobis
2076 5287 2111 5342 ut

1359 5389 1454 5452 supra
1476 5373 1626 5451 disposita
1648 5375 1709 5436 rite
1725 5375 1760 5436 ad
1783 5391 1878 5436 suum
1894 5374 2109 5452 perducantur

1359 5469 1522 5540 ellectum,
1552 5468 1769 5547 supradictum
1803 5467 2004 5530 Francisoum
2028 5467 2109 5543 Ego·

1360 5577 1434 5622 nem
1468 5561 1661 5640 Episcopum
1695 5559 1963 5624 llildesimensem
1994 5561 2026 5623 in
2056 5561 2107 5623 ba·

1360 5670 1433 5716 rum
1456 5657 1636 5718 litterarum
1666 5655 1909 5734 apostolicarum
1933 5661 2110 5732 exequuto-

1359 5763 1430 5810 rem
1453 5764 1524 5810 curn
1550 5749 1698 5811 omnibus
1721 5758 1753 5811 et
1770 5749 1906 5826 singulis
1923 5747 2109 5811 necessariis
2179 5773 2182 5782 ·

1361 5849 1392 5904 et
1416 5843 1603 5920 opportunis
1629 5842 1832 5906 lacnltatibus
1848 5843 2048 5921 deputamus,
2065 5848 2109 5911 ut,

1363 5937 1499 6015 praeviis
1524 5937 1711 6014 respectivis
1733 5937 1947 5998 dolationibus
1964 5937 1994 5996 in
2012 5933 2111 5997 valida
