4836 7002
883 571 1080 616 summotenus
1103 574 1152 618 ΡΡ.
1179 573 1241 618 ΧΠ.

620 687 700 750 htv.

459 877 504 938 Dc
524 875 628 938 codem
657 882 857 956 argumento.

285 1043 514 1130 venerabilibus
545 1061 693 1128 fratribus
723 1061 971 1146 hrchiepiscopis
1003 1067 1034 1128 et

326 1155 483 1238 Episcopic
516 1154 740 1238 patriarchatus
770 1155 949 1223 dntiocheni
982 1173 1033 1223 na·

324 1247 667 1328 mmmmmm

445 1431 689 1503 Benedictus
713 1433 774 1502 ΡΡ.
799 1435 872 1501 lilii.

485 1622 685 1690 venerabiies
707 1623 834 1702 tratres,

318 1717 448 1784 salutern
471 1722 503 1783 et
524 1716 725 1800 apostolicam
749 1716 999 1784 benedictionem.

325 1907 394 1969 Nou
418 1923 589 1986 possumus
618 1923 693 1970 sane
722 1909 796 1969 satis
817 1907 898 1986 aptis
928 1909 1033 1970 verbis

283 2001 455 2078 explicare,
468 2001 669 2064 venerabiles
685 2001 810 2072 fratres,
827 2009 859 2062 et
874 2001 1031 2072 dolorem,

246 2159 249 2162 ,
283 2111 349 2171 quo
370 2095 472 2156 affecti
494 2110 605 2156 sumus
629 2095 669 2156 ob
692 2095 858 2156 interitum
875 2094 1031 2157 clxmem.

283 2187 435 2259 Simonis,
459 2188 536 2248 dum
560 2188 695 2259 uiueret,
713 2189 910 2251 Patriarchae
933 2189 1033 2250 uestri

283 2281 476 2343 Antiocheui
505 2281 629 2342 meritis
659 2281 804 2344 laudibus
833 2283 1030 2355 nominandi,

282 2383 315 2436 et
337 2375 503 2450 ingentem
529 2375 681 2452 pontificii
702 2376 807 2437 cordis
823 2377 924 2438 nostri
946 2377 1033 2439 laeti-

283 2469 359 2530 tiam
381 2468 455 2530 inde
477 2479 681 2546 conceptam,
706 2470 791 2546 quod
818 2470 1032 2532 fraternitates

282 2569 410 2624 uestrae
434 2570 515 2622 tauta
531 2578 604 2622 cum
619 2563 802 2624 animorum
825 2563 985 2627 alacritate
1001 2571 1034 2626 et

281 2659 494 2717 consensione
524 2663 672 2732 tantaque
701 2669 773 2718 cum
802 2656 966 2720 celeritate
1002 2666 1033 2719 et

280 2749 510 2822 solicitudine,
525 2766 565 2812 ne
587 2751 761 2826 quidquam
784 2751 971 2812 detrimenti
987 2753 1032 2812 ia-

283 2851 371 2905 terea
401 2845 555 2922 temporis
583 2845 710 2905 viduata
737 2843 865 2907 Pastore
893 2861 952 2906 suo
979 2844 1032 2906 Pa-

283 2936 460 2997 triarchalis
494 2935 592 2998 Sedes
621 2935 819 2997 Antiocheno
850 2945 1030 3014 pateretur,

283 3029 429 3106 legitime
463 3037 495 3090 et
525 3030 675 3091 canonica
704 3030 827 3106 eligere
855 3032 954 3092 etin
980 3031 1033 3092 Pa·

283 3123 455 3183 triorchem
472 3131 616 3183 restrum
632 3123 829 3184 constituere
844 3123 1033 3185 studueritis

282 3215 503 3276 uenerabilem
527 3214 659 3276 fratrem
676 3215 806 3278 lobiam
823 3216 953 3277 Petrum
973 3215 1033 3293 Cy-

284 3307 335 3384 pri
356 3307 653 3386 archiepiscopum,
690 3307 753 3370 Nos
774 3315 894 3382 autem,
926 3311 1032 3371 statim

282 3407 380 3478 atque
412 3401 550 3463 faustum
584 3403 622 3464 de
655 3403 812 3466 electione
849 3403 1033 3466 huiusmodi

282 3496 435 3557 ruuntium
451 3497 486 3558 ad
507 3513 564 3557 uros
580 3497 740 3574 perlatum
762 3497 823 3560 fuit
845 3514 901 3576 per
924 3499 1033 3560 huma-

283 3589 431 3650 nissimas
467 3597 499 3651 et
533 3590 632 3667 ipsius
668 3589 784 3652 Tobiae
818 3591 902 3652 Petri
939 3591 1033 3654 electi

282 3685 516 3760 constitutique
530 3683 727 3745 Patriarchae
747 3691 779 3745 et
798 3684 1033 3746 fraternitatum

285 3785 467 3838 vestrarum
488 3792 522 3836 ac
544 3776 735 3838 dilectorum
760 3778 899 3838 illiorum
923 3777 1034 3838 Proce-

285 3887 358 3932 rum
391 3870 617 3931 Maronitarum
649 3870 775 3944 literas,
800 3887 953 3948 supremo
982 3871 1035 3932 Pa·

284 3973 411 4027 storum
436 3964 571 4042 Principi
595 3965 663 4026 lesu
686 3965 825 4036 Christo,
843 3965 932 4026 cuius
948 3967 1035 4027 vices

286 4060 318 4120 iu
343 4059 437 4120 terris
462 4059 552 4138 plane
576 4060 787 4121 immerentes
804 4061 959 4136 gerimus,
978 4060 1034 4120 im·

286 4153 439 4214 mortales
471 4169 568 4228 agere
602 4153 717 4229 gratias
754 4169 817 4214 non
854 4153 1033 4214 omisimus.

285 4245 380 4308 Nulla
400 4245 499 4323 igitur
516 4247 721 4322 grauissimae
737 4247 973 4322 diuturnaeque
989 4247 1035 4308 iu-

286 4341 446 4401 firmitatis
469 4347 597 4400 nostrae
619 4341 742 4402 ratione
760 4341 874 4410 habita,
894 4339 975 4402 lecto
990 4348 1036 4401 et·

285 4434 348 4494 iam
377 4433 626 4504 decumbentes,
650 4443 811 4496 secretum
834 4449 906 4494 cum
939 4449 1035 4494 uene-

286 4527 438 4590 rabilibus
460 4528 610 4588 iratribus
636 4529 753 4588 nostris
776 4526 806 4589 S.
825 4529 860 4589 it.
879 4528 913 4588 Ε.
930 4527 1036 4589 Cardi-

285 4622 411 4683 natibus
435 4623 658 4684 consistorium
675 4621 793 4684 habere
809 4623 983 4694 voluimus,
1002 4631 1037 4684 ut

285 4718 538 4794 quamcitissime
571 4724 805 4792 peragerentur
829 4718 867 4778 de
891 4733 981 4779 more
1005 4735 1036 4779 o·

286 4813 383 4882 maia,
399 4827 479 4887 quae
501 4812 537 4872 ad
554 4811 745 4872 electionem
763 4811 946 4872 huiusmodi
962 4828 1033 4888 apo-

285 4905 395 4966 stolica
430 4906 616 4966 auctoritate
654 4905 889 4982 approbandam
922 4907 1035 4966 condr-

286 4999 518 5074 maodamque,
543 5006 575 5059 et
603 4999 638 5058 ad
670 4997 799 5074 pallium
832 4999 871 5060 de
902 5015 1036 5075 corpore

286 5091 319 5153 S.
343 5093 428 5152 Petri
458 5091 685 5167 Apostolorum
716 5091 869 5169 Principis
891 5100 1034 5154 sumtum

286 5186 412 5247 laudato
434 5185 549 5246 Tobiae
581 5183 674 5246 Petro
708 5183 903 5247 Patriarchae
926 5195 1036 5248 vestro

287 5280 481 5340 mittendum
513 5279 779 5356 tradendumque,
810 5296 939 5357 semper
971 5297 1036 5343 ser·

287 5380 357 5434 vata
380 5374 481 5434 fuere.
505 5372 718 5445 Quamobrem
743 5387 810 5443 uos,
835 5375 1036 5437 venerabiles

286 5467 413 5538 fratrea,
436 5467 475 5528 de
500 5467 584 5528 hisce
608 5481 664 5542 per
693 5483 751 5528 nos
774 5467 849 5528 actis
882 5469 1036 5530 certiores

287 5561 449 5631 facientes,
465 5560 630 5621 uobiscum
647 5561 807 5622 exanimo
824 5561 1034 5637 gratulamur;

285 5661 380 5731 atque
404 5653 531 5714 insimul
555 5653 712 5714 bonorum
739 5656 884 5716 omnium
908 5656 1036 5732 largito·

287 5765 357 5808 rem
380 5748 492 5820 Deoua,
516 5747 571 5824 qui
594 5749 646 5809 dat
666 5749 834 5810 affluenter
864 5766 960 5811 omne
983 5752 1036 5812 do-

288 5857 365 5904 num
389 5842 545 5920 optimum
569 5848 601 5902 et
622 5843 657 5903 ad
676 5849 837 5904 aeternam
856 5844 1033 5905 amianarum

286 5935 423 5998 salutem
455 5951 584 6013 semper
619 5935 844 6014 profuturum,
875 5938 1034 6016 supplices

1090 705 1272 762 exoramus,
1296 698 1332 752 ut
1360 689 1574 754 fraternitates
1604 699 1727 753 vestras
1757 706 1839 754 noua

1090 785 1210 845 virtute
1232 784 1342 845 induat
1363 800 1402 846 ex
1424 784 1499 856 alto,
1523 800 1587 861 quo
1609 785 1647 846 de
1669 785 1790 847 uirtute
1805 786 1837 847 iu

1091 879 1243 940 virtutem
1273 879 1421 940 crescatis
1444 879 1475 939 in
1499 877 1620 956 templo
1649 885 1756 940 sancto
1783 879 1838 940 Ilei

1091 977 1122 1031 et
1145 972 1244 1048 magis
1268 973 1432 1048 magisque
1454 973 1601 1048 satagatis
1622 971 1767 1048 vigilare,
1786 987 1837 1032 cu-

1090 1064 1210 1126 stodire
1232 1083 1265 1126 ac
1287 1080 1344 1142 per
1365 1064 1449 1125 viam
1471 1066 1694 1126 mandatorum
1711 1065 1765 1126 Dei
1782 1066 1838 1125 du-

1090 1172 1163 1219 cere
1186 1157 1321 1236 populos
1345 1158 1491 1236 pastorali
1506 1175 1601 1220 curae
1613 1167 1738 1220 uestrae
1753 1175 1838 1218 com-

1092 1251 1215 1312 missos.
1240 1251 1318 1312 ilinc
1342 1251 1483 1328 proiecto
1508 1251 1623 1314 factum
1647 1251 1716 1313 fore
1731 1252 1764 1314 in
1781 1252 1838 1313 llo·

1092 1343 1178 1406 mino
1200 1345 1404 1414 confidimus,
1422 1354 1457 1406 ut
1479 1354 1690 1406 consentanea
1713 1345 1838 1406 virtuti-

1092 1437 1148 1499 bus
1161 1437 1388 1515 laboribusque
1408 1439 1523 1500 vestris
1543 1439 1666 1500 merces
1681 1439 1838 1500 tribuatur

1090 1547 1106 1592 a
1128 1531 1212 1592 iusto
1235 1539 1480 1594 remuneratore
1502 1532 1578 1594 Deo.
1602 1531 1726 1593 Interea
1744 1533 1838 1594 huius

1091 1625 1155 1685 voti
1183 1624 1286 1685 nostri
1317 1627 1477 1702 auspicem
1510 1633 1542 1688 et
1574 1627 1755 1704 pontificiae
1784 1643 1839 1688 no-

1090 1725 1173 1780 strae
1201 1733 1277 1794 erga
1308 1719 1522 1781 fraternitates
1545 1731 1667 1782 uestras
1700 1720 1839 1783 benevo-

1090 1811 1207 1875 lentiae
1230 1820 1342 1875 testem
1368 1829 1438 1874 esse
1459 1813 1606 1892 cupimus
1635 1814 1838 1891 apostolicam

1091 1905 1359 1978 benedictionem,
1377 1906 1409 1968 in
1426 1905 1560 1984 populos
1572 1922 1702 1984 quoque
1713 1917 1840 1970 uestrae

1090 2013 1185 2059 curae
1209 1997 1345 2060 creditos
1368 1999 1636 2070 redundaturam,
1667 2015 1762 2077 quam
1786 2017 1840 2062 uo·

1091 2092 1148 2163 bis,
1172 2092 1374 2154 venerabiles
1397 2093 1527 2164 fratres,
1557 2103 1759 2170 peramanter
1782 2095 1839 2156 im-

1091 2185 1260 2262 partimur.

1130 2279 1242 2340 Datum
1274 2279 1402 2350 Romae,
1433 2280 1514 2357 apud
1538 2279 1569 2341 S.
1595 2280 1723 2342 blaciam
1747 2281 1840 2343 blain-

1090 2389 1171 2444 rem,
1192 2374 1251 2435 sub
1267 2373 1385 2435 annulo
1402 2374 1579 2446 Piscatoris,
1597 2374 1648 2435 die
1665 2391 1741 2436 xxx.
1759 2378 1840 2454 apri-

1089 2466 1127 2528 lis
1150 2483 1327 2538 uoccmm,
1353 2473 1440 2543 pont.
1465 2467 1566 2528 nostri
1588 2484 1672 2529 auno
1695 2484 1773 2529 nuru.

1429 2748 1496 2812 XV.

1265 2935 1434 2997 Decedam
1464 2942 1664 3015 argumento.

1149 3117 1275 3186 [illectis
1291 3101 1371 3186 'totth
1398 3117 1583 3186 Proceribus
1608 3117 1778 3200 Maronitis,

1250 3305 1495 3374 Benedictus
1516 3305 1579 3373 ΡΡ.
1603 3305 1676 3373 llll.

1363 3493 1471 3562 dilecti
1494 3496 1565 3576 titii,

1123 3585 1252 3654 salutem
1275 3593 1307 3654 et
1328 3588 1527 3670 apostolicam
1554 3590 1806 3658 benedictionem.

1129 3776 1229 3850 Quam
1251 3779 1412 3856 praeclare
1435 3780 1474 3841 de
1497 3789 1604 3845 uestra
1624 3781 1840 3858 omnibusque

1091 3871 1229 3950 inclytae
1260 3873 1485 3934 Maronitarum
1519 3875 1656 3936 nationis
1689 3875 1840 3936 catholica

1091 3964 1279 4041 sinceraque
1302 3967 1364 4028 fide
1393 3974 1425 4028 et
1456 3969 1612 4029 constanti
1642 3967 1840 4046 Apostolicae

1093 4060 1165 4120 huic
1188 4059 1320 4121 Sanctae
1343 4059 1417 4122 Sedi
1439 4061 1632 4124 adhaesione
1654 4061 1840 4139 opinionem

1093 4153 1355 4230 praedecessores
1387 4156 1488 4216 nostri
1517 4153 1649 4216 Romani
1673 4155 1841 4218 Pontifices

1092 4261 1216 4324 uosque
1238 4248 1298 4324 ipsi
1319 4263 1449 4325 semper
1466 4249 1646 4320 habuimus,
1663 4249 1762 4326 magis
1778 4265 1841 4310 ma·

1093 4341 1207 4416 gisque
1229 4342 1506 4404 coahrmavcruat
1523 4344 1772 4406 humanissimae
1788 4359 1842 4404 ve-

1092 4442 1177 4494 strae
1200 4434 1322 4508 literae,
1341 4451 1419 4513 quas
1441 4453 1503 4498 uua
1526 4437 1657 4500 insimul
1679 4453 1753 4498 cum
1773 4437 1842 4498 lite-

1093 4527 1136 4588 ris
1158 4529 1402 4590 venerabilium,
1417 4530 1553 4592 fratrum
1569 4539 1638 4592 tum
1655 4531 1771 4592 'fobiae
1788 4531 1842 4592 Pe-

1094 4623 1132 4682 tri
1168 4621 1400 4699 hrchiepiscopi
1432 4622 1541 4701 Cypri,
1565 4625 1597 4684 in
1630 4623 1841 4685 Patriarcham
1868 4659 1870 4662 -

1093 4717 1327 4778 Antiochenam
1354 4726 1496 4780 vestrum
1528 4719 1631 4788 electi,
1663 4726 1729 4778 tum
1759 4726 1842 4778 cete-

1094 4827 1205 4872 rorum
1229 4811 1365 4872 nationis
1393 4819 1520 4874 vestrae
1550 4813 1738 4874 Antistitum
1769 4827 1842 4872 con-

1093 4905 1225 4976 iunctas,
1254 4905 1290 4965 ad
1317 4921 1374 4966 nos
1404 4905 1510 4968 attulit
1542 4905 1734 4967 venerabilis
1764 4906 1841 4966 item

1093 4999 1191 5061 irater
1214 5001 1367 5061 arsenius
1398 5000 1662 5078 Archiepiscopus
1695 5000 1842 5077 Heliopo-

1094 5095 1143 5155 lis.
1181 5093 1240 5154 Per
1262 5094 1344 5170 ipsas
1365 5109 1440 5154 sane
1462 5094 1570 5155 literas
1592 5101 1713 5154 vestras
1743 5093 1842 5171 expli·

1092 5203 1164 5249 care
1186 5187 1353 5248 studuistis
1382 5195 1413 5248 et
1443 5187 1570 5250 filialem
1599 5197 1738 5249 vestram
1766 5203 1843 5263 erga

1093 5297 1150 5342 nos
1174 5289 1206 5342 et
1234 5281 1448 5358 Apostolicam
1471 5281 1551 5344 hanc
1565 5280 1710 5348 Sanctam
1725 5279 1841 5342 Sedem

1094 5375 1330 5436 observantiam
1351 5376 1643 5452 reverentiamque,
1659 5383 1691 5436 et
1713 5375 1840 5436 electio-

1093 5485 1168 5530 nem
1191 5469 1229 5530 de
1260 5469 1373 5530 eodem
1408 5469 1503 5531 Tobia
1533 5469 1626 5530 Petro
1655 5469 1687 5530 in
1711 5469 1842 5529 Patriar-

1092 5563 1196 5633 chaam,
1213 5563 1356 5623 unanimi
1380 5569 1632 5624 memoratorum
1654 5561 1841 5625 Antistitum

1092 5673 1250 5720 consensu
1281 5657 1437 5733 uobisque
1465 5656 1687 5734 plaudentibus
1717 5656 1840 5717 factam.

1092 5751 1154 5812 Nos
1176 5759 1282 5811 autem
1305 5750 1396 5810 vohis
1419 5751 1631 5826 omniumque
1652 5749 1765 5810 studiis
1788 5749 1842 5810 be-

1092 5845 1190 5921 nigue
1219 5851 1417 5915 annuentes,
1443 5843 1522 5906 mihil
1552 5843 1731 5915 omisimus,
1756 5843 1839 5919 quod

1092 5939 1127 6000 ad
1154 5937 1335 6000 huiusmodi
1354 5938 1521 6014 negotium
1544 5937 1713 6016 apostolica
1735 5941 1840 5998 aucto·

1762 557 1817 620 t87
1876 558 1928 614 An.
1941 558 1969 615 G.
1984 556 2051 614 tttt
