4756 6994
324 542 377 600 An.
391 543 418 599 c.
435 543 502 600 ilat
561 543 617 605 lat

1062 558 1127 602 run.
1151 557 1243 603 nour.
1268 533 1308 603 n's
1330 558 1360 603 r.
1385 557 1414 602 r.
1439 556 1522 602 raas
1544 557 1566 600 r.

541 683 651 738 ternae
683 681 811 738 nostroe
845 681 1032 752 reputamus
1065 675 1221 745 caritatis,
1256 680 1292 735 ut
1347 679 1448 736 rectas
1477 673 1662 736 discurrens
1695 674 1876 736 studiorum
1906 691 1940 735 ac
1968 673 2098 750 dogma-

541 768 704 830 iuventuti
731 768 791 847 ipsi
821 767 1038 830 favorabiliter
1065 768 1288 838 concedamus
1347 774 1416 828 turn
1447 767 1632 829 huiusmodi
1653 766 1730 838 viae,
1761 767 1884 829 litteras
1910 767 2098 844 divinasque

541 876 622 938 quae
644 862 826 924 recreandis
846 861 962 923 animis
984 860 1053 922 iore
1078 859 1291 937 conspicimus
1347 875 1400 922 res
1422 859 1596 938 praedictas
1623 859 1788 937 bonosque
1812 876 1919 922 mores
1934 877 1968 922 se
1984 875 2098 937 prove-

542 963 732 1034 opportuna,
757 964 803 1026 ut,
827 955 980 1016 recreatis
1002 953 1128 1024 animia,
1157 953 1290 1014 alacrior
1347 953 1401 1016 bat
1424 959 1647 1030 assequutura,
1674 951 1802 1030 illisque
1828 953 2006 1030 assequaris
2027 969 2097 1031 spe-

542 1181 680 1237 refnlgeat,
696 1185 726 1224 ut
741 1179 881 1236 propinqui
892 1189 992 1226 eorum.
1004 1183 1029 1222 et
1041 1177 1208 1234 potissimum
1221 1173 1291 1232 g‘eni-

542 1253 621 1302 tores,
631 1249 663 1292 de
678 1248 745 1292 bona
759 1257 869 1291 suorurn
885 1245 1025 1302 pignorum
1041 1245 1196 1290 educatione
1210 1247 1290 1288 Deum

541 1317 651 1362 laudent
665 1323 691 1359 et
706 1314 872 1360 fundatorem
888 1313 993 1368 collegii
1010 1312 1177 1358 benedicant:
1189 1313 1256 1368 quod
1268 1313 1290 1356 si

541 1383 600 1440 quis
615 1393 646 1428 ea
660 1382 686 1426 in
704 1392 731 1426 re
748 1387 811 1424 tnnc
824 1380 957 1434 defecerit,
979 1381 1060 1424 redux
1076 1379 1178 1424 debitas
1194 1390 1291 1436 poenas

542 1450 676 1504 rependat.
698 1448 922 1499 Quemadmodum
938 1448 1113 1492 antelucanus
1128 1457 1250 1503 egressus
1265 1459 1290 1491 a·

540 1517 641 1562 lumnis
659 1516 810 1562 inhibetur:
827 1515 864 1560 sic
878 1515 979 1568 statim,
999 1519 1073 1560 nocte
1089 1513 1204 1568 inerrate,
1219 1513 1291 1559 domi

541 1585 604 1637 sint,
619 1584 664 1628 nbi
680 1584 748 1628 serio
763 1588 882 1636 curetur,
898 1593 930 1626 ne
945 1582 995 1638 ipsi
1013 1581 1038 1625 in
1051 1581 1131 1626 aliam
1148 1581 1288 1626 fenestram

541 1651 674 1704 accedant,
688 1661 767 1706 quarn
783 1660 850 1706 quae
865 1659 881 1694 a
895 1648 1040 1704 praepositi
1057 1649 1196 1704 prudentia
1211 1648 1291 1692 fuerit

541 1719 686 1774 designata.
707 1718 802 1762 Nullus
821 1718 1001 1766 alnnmorum.
1020 1716 1210 1772 cuiuscumque
1225 1714 1293 1759 ordi-

542 1786 591 1840 nis,
607 1785 705 1841 gradus
726 1789 773 1830 aut
788 1783 947 1830 conditionis
969 1783 1074 1836 existat,
1094 1783 1170 1826 domo
1186 1780 1292 1826 incomi·

542 1857 615 1898 tatus
630 1852 796 1908 egrediatur:
811 1851 935 1896 comitem
951 1856 1042 1896 autem
1057 1848 1205 1904 assignabit
1220 1860 1291 1906 praa-

542 1919 652 1976 positus,
671 1925 698 1964 et
720 1931 770 1964 non
790 1919 895 1977 quidem
911 1932 924 1964 e
940 1929 1051 1964 rrrrrnero
1072 1917 1225 1969 eorundem,
1247 1916 1290 1960 sed

542 1987 625 2032 aliurn
650 1991 786 2032 maturum
815 1987 901 2031 virum
928 1989 1008 2043 atque
1031 1983 1152 2028 fidelem:
1176 1982 1243 2038 qnod
1268 1982 1289 2026 si

542 2051 602 2108 quis
624 2057 671 2096 aut
692 2051 766 2096 venia
787 2062 838 2095 non
860 2051 951 2108 petita,
971 2055 1018 2095 ant
1035 2049 1205 2095 incomitatus
1220 2059 1291 2102 egre·

542 2119 640 2172 diatur,
660 2124 708 2164 aut
726 2119 850 2163 comitem
869 2118 897 2162 in
916 2118 959 2163 via
974 2119 1015 2162 vel
1031 2118 1056 2162 in
1081 2117 1196 2162 alicuius
1212 2117 1291 2160 ιιιιιιιιι

542 2185 692 2242 reliquerit,
709 2191 737 2230 nt
753 2185 826 2230 intus
842 2185 881 2228 vel
896 2185 1007 2230 seorsim
1026 2185 1127 2229 occulte
1151 2183 1214 2240 quid
1229 2190 1291 2238 agat

542 2263 601 2298 cnm
613 2252 710 2309 aliquo,
719 2253 751 2297 ad
761 2253 877 2297 aliorum
888 2253 1037 2309 exemplum
1048 2263 1139 2296 severa
1148 2261 1231 2308 poeria
1241 2261 1291 2294 non

542 2327 639 2364 careat.
656 2323 736 2364 Nemo
752 2320 889 2376 pecuniam
909 2319 1015 2372 habeat,
1029 2324 1054 2363 et
1071 2319 1093 2364 si
1108 2329 1187 2376 quam
1203 2317 1292 2371 babet,

542 2393 590 2432 aut
604 2389 717 2444 deponat
733 2388 802 2444 apud
820 2390 967 2440 Rectorem,
984 2390 1040 2440 aut,
1057 2398 1087 2430 eo
1104 2385 1233 2438 consulto,
1251 2396 1292 2428 err·

543 2455 646 2510 pendat.
662 2453 802 2499 Distinetio
819 2453 1050 2499 contubernalium
1068 2452 1225 2508 diligentius
1240 2461 1292 2494 ser·

543 2526 631 2572 vetur:
647 2521 673 2566 id
688 2523 759 2566 eninr
774 2521 806 2566 ad
822 2521 919 2566 bonum
931 2520 1048 2576 reginaen
1059 2515 1164 2574 collegii
1174 2523 1199 2562 et
1210 2517 1242 2563 ad
1255 2529 1293 2561 re·

542 2595 611 2633 ctam
624 2587 772 2634 iuventutis
783 2588 980 2633 iustitutionem
992 2587 1066 2632 valde
1077 2589 1190 2642 spectat:
1202 2596 1291 2640 quarn-

542 2657 632 2702 obrem
654 2657 682 2710 ii,
697 2656 742 2712 qni
759 2668 789 2700 ex
805 2667 857 2700 uno
876 2654 1050 2700 contubernio
1066 2656 1137 2704 sunt,
1157 2664 1203 2696 nec
1220 2651 1292 2696 dorni

543 2735 590 2768 nec
608 2725 671 2769 foris
690 2735 750 2769 eum
771 2723 832 2776 illis,
852 2723 897 2778 qui
913 2728 975 2766 sunit
990 2733 1019 2766 ex
1035 2722 1129 2771 altero.
1145 2719 1200 2765 sine
1215 2718 1292 2764 venia

543 2793 667 2846 rectoris,
686 2790 906 2848 quotiescumque
928 2789 977 2834 hoc
1000 2788 1057 2832 fleri
1074 2787 1149 2840 velit,
1172 2787 1291 2843 petenda,

542 2859 649 2914 penitus
671 2869 721 2902 non
743 2855 935 2902 corninunicet:
958 2867 1004 2899 nec
1023 2855 1126 2898 veniam
1147 2853 1241 2909 ipsam,
1262 2859 1291 2897 ut

542 2937 602 2969 curn
613 2925 674 2970 aliis
685 2925 837 2980 loquantur,
848 2929 1044 2979 praeterquam
1056 2921 1078 2966 si
1089 2919 1290 2965 fuer-luteorum

543 2996 676 3048 parentes,
697 2993 794 3036 fratres
809 2995 857 3035 aut
879 2990 1089 3046 propinquiores,
1105 2988 1185 3032 nimis
1205 2997 1292 3031 couce-

543 3060 589 3104 dat
603 3064 698 3113 rector,
710 3059 764 3116 qui,
780 3057 824 3102 nbi
839 3069 903 3114 opus
919 3068 975 3102 esse
990 3055 1133 3113 putaverit,
1148 3055 1210 3099 dato
1224 3053 1292 3099 arbi·

516 3174 517 3178 ,
544 3127 604 3182 trio,
619 3135 650 3172 ut
664 3137 753 3170 coram
773 3137 804 3170 eo
822 3136 882 3169 cnm
903 3123 956 3168 illis
976 3123 1128 3178 loquantur.
1143 3121 1290 3178 permittat.

544 3194 719 3250 aequoniam
740 3193 881 3248 collegium
902 3203 985 3236 ιιιιιιιιι
1006 3191 1083 3235 babet
1104 3190 1214 3241 atrium,
1234 3187 1292 3232 ideo

543 3260 644 3307 alumni
665 3263 690 3304 in
710 3261 785 3314 illud,
806 3259 855 3304 nisi
875 3259 980 3304 alterna
998 3257 1173 3304 contubernia
1191 3257 1224 3301 ad
1239 3255 1292 3301 ani·

544 3339 616 3373 mum
632 3329 721 3373 studio
736 3328 877 3382 fatigatum
893 3328 954 3372 lusu
971 3326 1040 3383 pilae
1051 3324 1229 3377 reficiendum,
1241 3334 1292 3368 non

543 3395 708 3441 descendant.
731 3399 759 3440 ln
782 3397 889 3440 bortum
914 3406 977 3439 vero
997 3405 1013 3438 a
1028 3393 1162 3450 pontificia
1178 3392 1293 3437 Clemen-

544 3463 577 3508 tis
599 3467 651 3508 xli.
673 3463 821 3510 fundatoris
840 3461 957 3519 collegii,
978 3462 1105 3518 largitate
1126 3471 1292 3514 concessum,

543 3531 624 3576 donec
644 3531 781 3576 moenibus
802 3541 851 3575 non
872 3529 1170 3579 fueritcircumdatum,
1187 3527 1291 3571 irenen

543 3599 750 3655 permittantur:
777 3609 823 3642 nec
846 3597 987 3654 quisquam
1011 3595 1089 3649 cella,
1110 3607 1160 3639 ιιοιι
1184 3595 1293 3638 obtenta

545 3665 619 3710 venia
634 3677 649 3710 a
665 3665 795 3721 praefecto
811 3665 850 3710 rel
865 3664 964 3710 indicta
980 3663 1041 3708 hnic
1056 3663 1114 3706 eius
1133 3661 1173 3705 rei
1190 3671 1292 3711 caussa,

543 3731 712 3788 egrediatur:
733 3744 796 3776 neve
816 3731 880 3788 ipsis
899 3729 983 3776 animi
1001 3739 1104 3782 caussa,
1123 3728 1168 3772 sed
1184 3727 1294 3771 tracessi-

544 3801 608 3846 tatis
622 3800 690 3846 cella
704 3799 793 3856 egredi
809 3799 896 3852 liceat,
911 3797 1007 3854 quibus
1025 3808 1056 3841 ne
1071 3793 1172 3850 ingredi
1187 3794 1292 3850 quidem

543 3875 591 3914 aut
605 3869 699 3914 cellam
715 3867 828 3912 alterius
843 3869 891 3910 aut
905 3865 1021 3910 officinas
1036 3863 1074 3907 fas
1089 3862 1132 3914 sit,
1142 3867 1190 3906 aut
1205 3862 1291 3906 locum

543 3937 659 3992 aliquem
674 3935 795 3980 abditum
811 3939 836 3978 et
847 3933 1050 3989 infrequentem,
1061 3930 1101 3974 vel
1112 3928 1203 3974 oillciis
1213 3927 1294 3974 farnu-

543 4005 631 4050 lorum
647 4003 819 4048 destinatum.
840 4000 928 4045 Exteri
944 4005 1034 4045 autam
1054 4001 1101 4043 aut
1116 3996 1194 4050 cives,
1208 3997 1294 4041 cuius-

543 4082 655 4128 cumque
677 4070 784 4115 demum
806 4068 904 4123 gradus
925 4071 972 4111 aut
992 4064 1155 4110 conditiones
1170 4061 1293 4116 existant,

543 4139 624 4185 cellas
639 4137 742 4195 ingredi
757 4137 936 4188 alumnorum,
952 4133 1118 4188 eosdemque,
1135 4130 1242 4176 remotis
1253 4139 1295 4174 ar·

544 4205 631 4260 bitrio,
650 4203 758 4260 alloqui,
779 4214 828 4247 non
849 4201 933 4258 petita
952 4200 1037 4253 venia,
1057 4209 1119 4244 raro
1143 4196 1293 4242 interimet

544 4278 621 4318 cante
631 4270 805 4322 concedenda,
816 4279 982 4325 nequaqnam
995 4267 1195 4324 permittantur.
1208 4271 1293 4321 agant

543 4341 646 4387 alumni
666 4350 726 4385 curn
750 4343 851 4382 rectore
875 4347 988 4392 cumque
1007 4334 1177 4388 officialibus,
1197 4332 1293 4388 quibus

544 4411 662 4466 ipsorum
672 4417 737 4452 cura
747 4403 905 4449 demandata
917 4409 966 4456 est,
979 4408 1139 4452 reverenter.
1150 4399 1294 4445 iniunctae-

543 4488 594 4534 que
610 4475 660 4521 sibi
675 4475 708 4521 ab
723 4471 761 4518 eis
775 4469 954 4528 poenitentias
969 4472 1090 4526 prompte
1110 4475 1136 4512 et
1153 4467 1294 4512 humiliter

543 4547 637 4601 agant:
654 4541 722 4598 quod
737 4539 819 4596 siqui
834 4549 878 4584 eas
898 4535 1106 4582 detrectaverint
1121 4540 1146 4579 et
1162 4545 1221 4579 cunr
1238 4534 1293 4580 illis

543 4611 722 4656 irreverenter
737 4607 850 4663 egerint,
865 4609 912 4650 aut
926 4603 989 4649 aliis
999 4601 1191 4648 inobedientiae
1201 4602 1295 4659 impul·

545 4687 618 4722 sores
637 4673 787 4727 extiterint,
806 4671 917 4728 collegio
937 4669 1087 4726 exigantur.
1104 4668 1294 4714 communibus

543 4742 732 4795 functionibus,
749 4748 805 4785 turn
820 4739 955 4793 ecclesiae,
971 4742 1027 4784 tum
1041 4737 1121 4786 domi.
1132 4747 1212 4793 quam
1223 4736 1294 4782 scho-

543 4813 592 4868 lae,
615 4821 667 4856 una
687 4815 714 4856 et
736 4809 828 4855 ordine
849 4810 956 4864 praesto
978 4807 1045 4852 siut:
1067 4805 1163 4862 quibus
1182 4804 1209 4849 in
1231 4804 1293 4850 locis

544 4879 682 4924 silentium
704 4877 859 4924 observent:
879 4880 905 4920 et
926 4875 952 4920 in
973 4873 1063 4919 schole
1083 4873 1199 4929 quidem,
1219 4871 1293 4917 iuxta

543 4946 692 4992 fundatoris
716 4947 791 4991 virae
814 4944 884 4990 vocis
907 4941 1057 4994 oraculum,
1080 4940 1236 4986 distinctum
1260 4938 1293 4984 ab

543 5013 605 5059 aliis
623 5013 734 5068 nimbata,
756 5011 778 5058 si
793 5023 858 5070 quos
873 5011 900 5056 in
916 5021 973 5055 eam
990 5019 1097 5066 praeses
1113 5019 1160 5065 pro
1176 5011 1293 5064 ternpore

543 5080 692 5134 admiserit,
710 5081 796 5126 locum
813 5083 948 5134 occupent.
963 5080 1044 5121 Nemo
1059 5075 1189 5120 ferculum
1204 5073 1295 5118 remit-

544 5151 601 5192 tere
615 5147 657 5193 vel
671 5145 862 5192 contumeliose
882 5144 995 5189 reiicere
1018 5147 1182 5200 praesumat,
1197 5143 1237 5186 vel
1252 5152 1295 5199 pa·

543 5213 598 5260 ιιιιιι
619 5215 651 5260 de
670 5213 754 5262 edulii
777 5211 929 5269 quantitate
952 5216 1000 5257 aut
1024 5209 1155 5268 qualitate
1177 5220 1294 5254 murmu-

543 5291 619 5328 rare:
642 5281 695 5336 sed,
714 5281 738 5327 si
756 5281 802 5338 qul
821 5291 898 5326 error
917 5279 994 5326 eain
1014 5291 1044 5324 re
1063 5279 1103 5324 vel
1122 5278 1239 5322 defectus
1257 5277 1294 5321 in·

544 5349 710 5404 tercasserit,
735 5350 851 5394 modeste
870 5359 917 5406 per
936 5345 1174 5392 hebdomadarium
1195 5344 1294 5389 rectori

543 5415 710 5470 renunciant,
726 5427 773 5473 per
787 5427 866 5472 quern
881 5426 957 5462 error
978 5415 1035 5472 ipse
1049 5417 1097 5459 aut
1117 5413 1234 5458 deiectus
1253 5423 1294 5468 op

543 5485 657 5541 portune
680 5483 873 5529 emendabitur.
897 5486 1046 5539 Numquam
1068 5492 1097 5526 se
1117 5481 1201 5526 oculis
1221 5489 1294 5536 prae-

543 5549 604 5595 fecti
627 5550 783 5605 subducant,
804 5561 851 5595 nec
874 5549 930 5594 bini
953 5553 1000 5596 aut
1025 5547 1096 5594 terni
1116 5546 1293 5593 clandestinos

543 5628 680 5663 sermones
695 5617 806 5674 privatis
820 5616 938 5663 caetibus
953 5617 1076 5662 habeant.
1092 5614 1221 5660 lndusiati
1233 5613 1294 5669 hye-

545 5695 586 5730 me
600 5687 628 5730 et
641 5688 745 5730 aestate
763 5695 867 5742 semper
889 5683 1040 5738 dormiant,
1056 5687 1082 5729 et
1098 5683 1143 5728 nbi
1158 5681 1293 5726 indusium

545 5754 651 5797 mutare
670 5751 828 5809 oportuerit,
846 5750 962 5796 aliorum
982 5750 1067 5796 vitent
1086 5748 1224 5794 intuitum.
1244 5750 1294 5792 Ma·

544 5822 607 5864 neat
620 5818 649 5863 in
664 5829 712 5864 suo
721 5817 833 5876 quisque
847 5817 1022 5864 contubernio
1036 5817 1160 5862 decenter
1170 5815 1292 5866 vestitus,

544 5888 572 5931 et
585 5885 674 5930 cuncti
689 5885 859 5932 uniformiter
874 5884 1041 5931 tondeantur.
1054 5881 1155 5929 'statim
1170 5893 1201 5928 ac
1216 5893 1293 5928 mane

545 5953 711 6000 surrexerint
727 5956 863 6009 vestesque
878 5945 1023 6006 induerint,
1038 5951 1166 5996 lectulum
1181 5950 1293 6008 quisque

1347 1187 1425 1222 sunm
1447 1185 1595 1232 componat,
1617 1187 1760 1232 rrrrrrrquarn
1782 1175 1900 1219 interdiu
1915 1176 2096 1231 sternendum,

1347 1253 1377 1286 ne
1392 1247 1495 1288 aestate
1509 1243 1624 1298 quidem,
1636 1243 1739 1298 quando
1751 1241 1892 1286 rneridiare
1903 1253 1948 1298 per
1958 1241 2095 1287 dimidiam

1346 1311 1440 1355 horam
1463 1310 1659 1365 permittuntur
1673 1320 1688 1353 a
1704 1308 1843 1365 pervigilio
1858 1309 1918 1354 festi
1934 1313 1958 1352 ll,
1975 1313 2005 1353 ltl.
2023 1313 2048 1352 ι’.
2066 1309 2096 1354 de

1345 1382 1415 1423 Bono
1430 1377 1553 1428 Consilio,
1565 1378 1633 1434 quod
1648 1377 1799 1422 celebratur
1814 1376 1944 1420 dominico
1957 1376 1997 1420 die
2009 1377 2097 1422 imme-

1345 1446 1416 1490 diate
1432 1445 1553 1502 sequenti
1564 1448 1621 1500 post
1633 1443 1729 1488 festum
1740 1443 1792 1488 divi
1804 1445 1892 1496 llarci,
1904 1445 2029 1500 usquead
2040 1455 2096 1490 vrrr.

1345 1511 1378 1555 id.
1395 1511 1568 1568 septembris:
1584 1523 1635 1568 quo
1651 1522 1714 1555 sane
1729 1511 1779 1565 die,
1794 1522 1863 1556 aratro
1879 1517 2033 1558 nrncexxxr..
2048 1513 2098 1557 col·

1346 1577 1408 1634 legii
1428 1577 1509 1623 lartius
1528 1577 1649 1622 fundatio
1668 1578 1814 1623 deliberata
1834 1583 1881 1622 est.
1902 1583 1987 1629 Quare
2004 1580 2095 1624 eodem

1345 1647 1387 1690 die
1403 1645 1612 1691 aurniversariam
1628 1646 1685 1690 eins
1701 1644 1738 1690 rei
1755 1646 1920 1700 memoriam,
1938 1652 2045 1692 cantato
2059 1659 2098 1692 so-

1346 1713 1427 1758 lemni
1443 1717 1530 1767 Sacro,
1545 1713 1578 1758 ob
1592 1713 1708 1758 debitam
1723 1716 1773 1758 beo
1784 1721 1810 1757 et
1821 1715 1847 1756 B.
1863 1715 1894 1756 M.
1907 1716 1934 1756 v,
1945 1715 2096 1768 gratiarum

1346 1782 1490 1834 actionem,
1512 1781 1697 1834 celebrabunt,
1717 1785 1743 1824 et
1764 1785 1826 1824 tnnc
1844 1780 1947 1826 alrrrnui
1963 1792 2098 1828 sacrosan·

1346 1854 1418 1894 ctum
1434 1852 1534 1906 Corpus
1551 1848 1713 1893 bortriuicum
1729 1859 1777 1906 pro
1792 1849 1930 1894 fundatore
1944 1848 2095 1906 suscipient.

1347 1920 1427 1962 Nemo
1445 1929 1488 1961 res
1508 1917 1606 1961 sodalis
1625 1921 1760 1970 attrectet,
1779 1927 1826 1960 nec
1845 1917 1932 1962 locrrm
1949 1916 2022 1962 illius
2041 1918 2097 1973 ipso

1346 1990 1454 2041 occupet
1469 1984 1560 2038 itavito,
1576 1995 1623 2028 nec
1637 1984 1736 2028 lectolo
1751 1985 1891 2041 pluteoque
1909 1984 2022 2030 incubat.
2043 1987 2097 2029 lur-

1346 2051 1397 2106 giis
1408 2051 1560 2108 salibusque
1571 2051 1655 2106 nigris
1665 2051 1825 2104 abstineant,
1834 2051 1878 2096 sed
1887 2051 1975 2106 potius
1985 2051 2096 2110 invicem

1347 2119 1449 2164 sincera
1463 2122 1497 2164 et
1517 2118 1665 2164 christiana
1685 2117 1837 2162 urbanitate
1856 2129 1883 2162 se
1904 2118 2042 2162 honorent.
2064 2119 2096 2162 lit

1346 2191 1437 2232 autern
1457 2186 1522 2242 ipsis
1542 2186 1615 2232 solus
1631 2197 1695 2230 usus
1711 2196 1801 2230 rernm
1818 2184 1922 2241 collegii
1937 2184 2096 2238 conceditur,

1347 2254 1384 2298 sic
1398 2253 1429 2296 de
1445 2253 1542 2298 eisdem
1559 2252 1698 2309 disponere
1714 2263 1765 2296 non
1780 2255 1915 2307 poterunt.
1931 2253 2011 2296 Extra
2022 2251 2096 2295 colle-

1346 2321 1420 2376 ginrn
1444 2321 1531 2365 cibum
1554 2331 1675 2372 aurnere,
1701 2319 1752 2364 nisi
1774 2317 1944 2376 permittente
1966 2318 2096 2376 praefecto

1346 2391 1393 2433 aut
1409 2391 1520 2440 rectore,
1536 2397 1585 2430 nou
1601 2386 1689 2430 liceat.
1706 2389 1733 2430 ln
1748 2385 1857 2430 aestivis
1873 2385 2007 2430 mensibus
2019 2383 2096 2429 terin

2135 537 2190 593 An.
2204 538 2232 593 C.
2248 539 2317 594 ilat

1349 2453 1546 2506 hebdomadam,
1566 2454 1614 2497 aut
1629 2452 1729 2508 pluries
1746 2452 1860 2497 arbitrio
1876 2452 2096 2508 praepositorum,
2169 2494 2172 2502 ,

1348 2523 1405 2575 post
1416 2519 1566 2575 prandium,
1578 2523 1684 2575 peracta
1695 2530 1723 2562 re
1734 2519 1875 2572 litteraria,
1886 2519 1959 2562 exire
1970 2519 1997 2562 in
2008 2529 2095 2574 agros,

1347 2587 1428 2632 animi
1451 2597 1552 2638 caussa,
1567 2585 1654 2631 liceat.
1671 2589 1702 2630 Ut
1716 2587 1938 2632 rrrurrnurationis
1954 2598 1983 2632 ac
1998 2585 2096 2642 privati

1346 2653 1443 2698 favoris
1457 2653 1543 2698 omnis
1559 2652 1671 2698 tollatur
1686 2652 1796 2706 occasio,
1809 2656 1902 2698 rnutua
1914 2653 1984 2697 inter
1995 2664 2038 2697 eos
2048 2658 2096 2697 atrrt

1348 2719 1418 2764 inter
1432 2720 1502 2776 ipsos
1517 2726 1544 2764 et
1560 2719 1696 2764 rriirristros
1712 2730 1863 2772 munerum,
1879 2721 2021 2766 missitatio
2040 2731 2096 2776 pro

1348 2787 1462 2831 bibetur.
1472 2790 1552 2830 Nerno
1562 2785 1710 2841 digniorem
1721 2786 1809 2831 locum
1820 2785 1846 2830 in
1857 2785 1981 2840 triclinio,
1989 2798 2096 2842 gymno·

1347 2853 1394 2907 sio,
1409 2853 1520 2898 ecclesia
1534 2859 1582 2898 aut
1596 2853 1661 2898 alibi
1680 2853 1797 2904 affectet:
1820 2853 1863 2897 sed
1884 2853 1959 2897 illurn
1980 2857 2096 2910 occupet,

1348 2932 1426 2976 quem
1449 2920 1499 2966 sibi
1521 2927 1608 2966 rector
1628 2920 1812 2965 destinaverit.
1834 2919 1960 2964 Omnibus
1979 2921 2096 2966 alumnis

1348 2989 1474 3045 epistolas
1493 2987 1553 3034 aliis
1574 2989 1681 3033 mittere
1696 2993 1722 3032 et
1745 2987 1794 3032 sibi
1817 2987 1930 3033 vicissim
1950 2987 2044 3034 missas
2059 3000 2097 3033 re-

1348 3056 1447 3112 cipere,
1466 3056 1516 3100 nisi
1538 3063 1672 3101 annuente
1690 3061 1801 3107 rectore,
1818 3055 1860 3100 cui
1881 3055 2023 3100 mittendae
2042 3057 2097 3112 qui-

1348 3123 1407 3168 dem
1432 3123 1559 3180 epistolae
1580 3123 1694 3168 nondum
1714 3122 1869 3177 obsignatae
1888 3122 2096 3178 exlribebuntnr,

1349 3189 1446 3246 quique
1466 3190 1527 3234 illas
1546 3191 1666 3234 ferendas
1686 3190 1799 3241 curabit,
1819 3189 1927 3234 ornnino
1945 3201 1994 3236 uon
2010 3189 2096 3236 liceat.

1350 3257 1480 3302 Prandere
1502 3259 1577 3302 extra
1595 3257 1736 3312 collegium
1757 3257 1814 3302 sine
1834 3257 1910 3302 venia
1925 3258 2035 3302 rectoris
2057 3269 2097 3301 ue·

1349 3329 1461 3380 queant:
1477 3335 1556 3380 quarn
1575 3324 1679 3369 reniam
1704 3325 1784 3370 semel
1798 3333 1845 3370 aut
1861 3324 1900 3368 bis
1915 3325 1947 3370 ad
1962 3336 2096 3369 sununum

1351 3390 1375 3436 in
1395 3403 1465 3438 anno
1483 3395 1571 3436 rector
1590 3391 1672 3443 dabit,
1689 3391 1733 3436 ubi
1755 3394 1842 3436 tanuen
1857 3391 1891 3436 ad
1912 3395 2034 3447 parentes
2048 3391 2098 3436 fra-

1351 3465 1412 3512 tres,
1428 3464 1538 3516 patruos
1552 3463 1599 3504 aut
1613 3459 1757 3504 avnrrculos
1768 3458 1840 3502 erint
1851 3457 1986 3514 pransuri:
1998 3462 2023 3504 et
2035 3462 2097 3504 tunc

1350 3527 1430 3572 ituris
1449 3525 1482 3571 ad
1502 3526 1652 3582 prandium,
1668 3527 1690 3570 si
1705 3525 1750 3582 qui
1765 3525 1824 3572 ilari
1838 3537 1925 3572 cernes
1939 3527 2096 3582 oportuerit,

1350 3605 1516 3652 nequaqnam
1536 3594 1614 3638 detur
1628 3594 1761 3648 alumnus,
1776 3594 1821 3638 sed
1836 3593 1906 3638 alius
1922 3593 1957 3639 sit
1973 3593 2097 3649 pransuri

1351 3662 1458 3708 umbra:
1479 3661 1523 3706 ubi
1544 3673 1605 3706 vero
1624 3660 1770 3716 pranderit,
1790 3671 1840 3704 non
1860 3659 1939 3705 liceat
1960 3661 2043 3706 eidem
2066 3673 2097 3706 eo

1349 3727 1391 3772 die
1405 3740 1464 3772 cum
1480 3727 1609 3774 fratribus
1624 3729 1778 3784 patruisqne
1797 3731 1845 3772 aut
1859 3727 1998 3772 avunculis
2012 3728 2097 3772 ociose

1349 3795 1486 3840 ambulare
1503 3806 1550 3851 per
1566 3805 1645 3850 agros
1659 3793 1743 3838 animi
1757 3804 1845 3846 causa,
1861 3795 1905 3838 sed
1921 3798 1993 3838 recta
2006 3793 2033 3838 in
2048 3795 2097 3839 col·

1349 3862 1449 3917 legium
1474 3863 1573 3907 redeat.
1598 3864 1652 3905 Non
1675 3861 1742 3906 banc
1756 3861 1896 3905 dumtaxat
1918 3861 2030 3916 veniam,
2052 3861 2097 3906 sed

1349 3929 1431 3974 aliam
1451 3939 1654 3986 quamcumque,
1673 3932 1699 3972 et
1719 3938 1796 3972 oraine
1813 3925 1847 3980 id,
1862 3928 1932 3984 quod
1947 3927 2041 3972 bonum
2059 3939 2098 3972 re·

1349 3997 1447 4053 gimen.
1463 3997 1589 4053 pietatem
1605 3999 1631 4040 et
1646 4005 1702 4039 renr
1717 3993 1820 4051 collegii
1836 3999 1945 4051 spectat,
1959 4001 2045 4040 rector
2064 3997 2098 4040 ad

1349 4063 1491 4109 arbitrium
1511 4061 1733 4119 prudentiamque
1752 4061 1881 4120 praesidis
1896 4063 2001 4118 diriget.
2023 4062 2098 4106 Sebo-

1350 4131 1443 4176 lastica
1464 4131 1529 4175 feria
1547 4129 1630 4174 semel
1652 4129 1678 4176 in
1700 4130 1901 4181 hebdomadam,
1916 4129 1942 4175 in
1958 4140 2009 4186 qua
2024 4129 2097 4174 aliud

1350 4199 1446 4243 festum
1467 4209 1517 4242 non
1537 4197 1626 4251 fuerit,
1646 4197 1762 4242 alumnis
1777 4197 1947 4242 concedatur:
1964 4201 1989 4240 et
2004 4195 2098 4242 nihilo

1351 4267 1439 4310 minus
1458 4277 1489 4310 eo
1508 4265 1550 4309 die
1570 4265 1677 4320 pietatis
1697 4275 1726 4309 ac
1749 4263 1846 4320 privati
1871 4262 1951 4308 studii
1972 4263 2097 4308 exercitia

1351 4343 1402 4378 non
1421 4331 1618 4377 intermittant:
1638 4329 1880 4377 arrimadverteotes
1895 4341 1987 4375 orrtoes
2001 4341 2098 4375 sermo

1352 4411 1397 4444 nes
1412 4410 1540 4456 orrtneque
1555 4397 1603 4442 ocii
1615 4399 1837 4442 oblectamentum
1849 4395 2033 4442 ecclesiasticis
2044 4408 2098 4453 per·

1351 4467 1421 4512 sonis
1439 4465 1622 4512 convenientia
1640 4477 1697 4510 esse
1716 4469 1845 4522 oportere.
1862 4467 1943 4510 Extra
1957 4464 2097 4519 collegium

1352 4534 1455 4579 nullum
1475 4533 1555 4578 liceat
1576 4533 1668 4578 ludere
1690 4533 1794 4584 lusum;
1814 4535 1840 4575 et
1860 4531 1906 4576 ubi
1924 4529 2027 4575 obviarn
2047 4530 2098 4574 sibi

1350 4601 1464 4646 viderint
1486 4605 1601 4656 gentem,
1622 4599 1754 4644 submissa
1773 4610 1833 4642 voce
1848 4597 2046 4654 colloquantur:
2062 4597 2099 4642 fu-

1350 4669 1476 4724 giantque
1491 4666 1639 4724 frequentia
1654 4671 1680 4711 et
1696 4665 1873 4724 infrequentia
1888 4669 2030 4710 sectentur.

1647 4789 1746 4830 CAPUT
1761 4789 1801 4831 lv.

1450 4889 1525 4929 Circa
1538 4887 1662 4928 uiridium
1682 4887 1836 4926 litterarum
1850 4887 1874 4926 ct
1888 4887 1999 4926 arenario.

1390 5004 1558 5052 ltlerniuerint
1580 5005 1683 5052 alumni
1707 5005 1764 5050 ideo
1788 5016 1815 5050 se
1838 5003 2002 5060 apostolicae
2026 4999 2098 5046 Sedis

1350 5077 1500 5134 sumptibus
1510 5077 1604 5129 vivere,
1614 5077 1643 5119 nt
1651 5083 1758 5130 operam
1769 5082 1845 5117 suam
1856 5071 1952 5116 studiis
1962 5071 2097 5114 collocent:

1350 5155 1430 5200 quam
1446 5144 1549 5189 obrem
1564 5143 1610 5188 illa
1625 5141 1678 5188 sint
1693 5139 1874 5185 moderatione
1887 5137 2012 5188 cernenti,
2022 5147 2098 5192 qnae,

1350 5210 1461 5256 attentis
1480 5211 1611 5267 qualitate
1630 5207 1746 5264 regionis
1764 5209 1791 5250 et
1806 5205 1932 5262 angustia
1945 5215 2035 5250 rernm
2051 5205 2099 5248 col-

1350 5277 1430 5338 legii,
1448 5281 1596 5334 opportuna
1615 5275 1774 5332 praepositis
1793 5273 1924 5318 videatur.
1944 5272 2097 5316 incumbant

1349 5343 1478 5389 animitus
1502 5343 1607 5396 studiis,
1631 5347 1661 5387 ut
1683 5341 1762 5386 utiles
1783 5343 1808 5386 S.
1830 5339 1961 5386 Ecclesiae
1983 5337 2098 5394 operarii

1350 5411 1472 5465 evadant,
1486 5409 1648 5455 altissimum
1664 5409 1743 5453 tinem
1754 5407 1780 5452 in
1796 5406 1885 5452 animo
1896 5417 1944 5451 suo
1954 5410 2098 5456 versantes,

1349 5479 1382 5524 ad
1397 5488 1475 5534 quem
1490 5488 1506 5523 a
1520 5475 1659 5522 fundatore
1674 5473 1800 5520 destinati
1813 5477 1891 5518 sunt:
1907 5479 1933 5518 et
1943 5473 2001 5518 ideo
2011 5475 2099 5517 rector

1350 5557 1444 5590 nervos
1465 5554 1556 5590 omnes
1576 5543 1697 5589 intendat
1716 5541 1742 5587 id
1762 5552 1839 5587 omne
1854 5552 1868 5585 e
1883 5539 1969 5586 medio
1983 5538 2099 5592 amoliri,

1349 5613 1419 5669 quod
1433 5611 1582 5658 studiorum
1597 5621 1767 5668 progressum
1780 5611 1941 5663 remoretur,
1954 5619 1985 5652 ue
1995 5605 2100 5651 incuria

1349 5691 1399 5726 sua
1419 5683 1511 5726 tantus
1531 5679 1605 5726 labor
1628 5683 1770 5734 tantusque
1785 5677 1811 5722 in
1830 5674 1933 5721 alendis
1949 5672 2101 5718 educandis·

1350 5759 1400 5804 que
1415 5745 1555 5792 iuvenibus
1570 5748 1693 5802 sumptus
1703 5747 1849 5789 evanescat.
1860 5739 1996 5798 inquibus
2007 5739 2100 5785 diebus

1349 5814 1440 5860 schola
1454 5813 1525 5868 silet,
1535 5812 1639 5869 privata
1653 5811 1735 5858 studii
1750 5809 1883 5854 industria
1897 5809 2048 5864 obstrepat:
2063 5811 2097 5861 et,

1350 5892 1402 5926 uno
1421 5883 1529 5936 excepto
1548 5877 1589 5923 die
1609 5875 1753 5922 vacationis
1768 5887 1814 5932 per
1829 5873 2030 5928 hebdomadam,
2046 5873 2099 5919 fere

1350 5947 1461 6004 reliquis
1483 5945 1554 5992 domi
1573 5947 1704 5999 maneant,
1722 5941 1767 5988 nbi
1781 5941 1832 5988 ocii
1854 5949 1881 5988 et
1897 5941 2042 5988 vacationis
2058 5951 2100 5997 po·
