4814 6998
316 513 610 580 mfflmaffl

529 657 575 722 tu,
600 651 791 714 venerabilis
814 651 923 724 irater,
949 667 1006 730 pro
1028 651 1147 714 eximio
1173 657 1229 714 tuo
1250 651 1283 712 in

528 745 708 806 animarum
729 744 832 807 salute
863 746 1001 807 curanda
1030 746 1135 808 studio
1156 762 1190 807 ac
1212 761 1284 823 pro-

528 847 693 917 perspecta
716 847 767 901 tna
789 840 822 900 in
844 839 1003 902 Ecclesiae
1024 840 1172 903 libertate
1200 839 1282 902 eius-

529 946 593 1009 que
613 931 738 994 iuribus
755 933 894 1003 tuendis,
911 935 1087 996 constantia
1102 932 1230 996 lortiter
1245 933 1282 994 iis

528 1025 679 1087 omnibus
709 1025 900 1099 obsisteres,
925 1041 1005 1104 quae
1033 1027 1086 1090 vel
1109 1027 1291 1088 minimum·

527 1119 706 1181 animarum
722 1119 817 1182 saluti
832 1120 984 1182 damnum
997 1120 1124 1192 afferre,
1138 1120 1190 1182 vel
1203 1136 1280 1198 quo·

527 1212 576 1272 vis
588 1213 684 1275 modo
699 1213 885 1292 episcopalis
898 1215 944 1276 tui
960 1214 1130 1277 ministerii
1146 1214 1278 1277 liberam

526 1307 748 1370 auctoritatem
770 1314 930 1370 coarctare
953 1317 1094 1388 possent.
1117 1307 1207 1382 Quod
1227 1325 1279 1370 au-

528 1407 593 1463 tem
617 1409 784 1478 procerte
807 1400 1019 1474 habebamus,
1043 1402 1074 1464 id
1096 1402 1279 1465 luculenter

527 1495 761 1558 confirmarunt
784 1501 855 1557 tuae
873 1493 999 1556 litterae
1013 1511 1111 1573 super
1127 1496 1186 1558 hoc
1202 1497 1278 1558 tanti

527 1589 685 1652 momenti
713 1589 845 1666 negotio
870 1589 906 1650 ad
940 1604 996 1650 nos
1022 1589 1112 1650 datae
1141 1596 1174 1650 et
1194 1607 1295 1664 com,

530 1685 706 1746 meutarius
727 1683 850 1746 eisdem
872 1683 1024 1744 adiectus.
1046 1683 1090 1745 hc
1104 1683 1279 1747 vehemen-

530 1787 578 1840 ter
599 1777 767 1850 laetamur,
791 1792 863 1838 cum
886 1777 1063 1847 videamus,
1088 1783 1130 1848 te,
1146 1792 1280 1840 venera-

528 1872 600 1934 bilis
616 1871 726 1943 irater,
740 1871 815 1933 licet
825 1876 928 1932 aetate
944 1885 1089 1946 gravem,
1104 1887 1160 1948 pro
1172 1872 1278 1935 Eccle-

442 2041 444 2046 ,
526 1953 715 2028 sia'strenue
727 1981 872 2042 pugnare
884 1964 995 2026 eadem
1011 1964 1065 2026 illa
1077 1963 1277 2038 tortitudine,

527 2075 588 2138 qua
616 2059 649 2120 in
671 2057 857 2138 episcopalis
880 2057 925 2120 tui
948 2057 1119 2134 ministerii
1142 2059 1280 2122 decursu

526 2169 735 2232 summopere
759 2151 954 2230 praestitisti,
971 2168 1005 2214 ac
1021 2160 1144 2214 nostras
1168 2161 1200 2216 et
1221 2154 1279 2215 hu-

527 2250 576 2311 ius
599 2247 730 2312 Sanctae
753 2245 842 2309 Sedis
865 2246 974 2308 laudes
997 2248 1115 2309 merito
1143 2248 1278 2326 optimo-

527 2357 590 2419 que
612 2343 683 2404 iure
706 2341 762 2403 tibi
784 2341 986 2418 comparasti.
1013 2340 1170 2418 Equidem
1194 2341 1279 2406 inter

527 2436 692 2508 maximas,
726 2433 842 2513 quibus
870 2433 1054 2511 affligimur,
1078 2435 1277 2507 acerbitates,

527 2543 653 2592 summa
684 2528 808 2590 utimur
835 2527 1075 2600 consolatione,
1110 2536 1279 2591 noscentes

527 2625 690 2702 quomodo
718 2624 862 2687 diresin
888 2623 1107 2686 misericordia
1130 2623 1212 2686 Deus
1233 2642 1279 2687 sa-

527 2734 655 2782 crorum
680 2717 846 2780 rlntistites
868 2733 906 2780 eo
921 2718 1043 2780 maiore
1058 2717 1185 2780 divinae
1203 2735 1279 2781 suae

514 2813 647 2890 gratiae
661 2811 781 2874 auxilio
796 2811 929 2874 roboret
942 2810 979 2872 ad
992 2809 1111 2875 Christi
1123 2811 1192 2874 lesu
1208 2827 1278 2888 gre-

528 2921 602 2984 gem
633 2905 808 2977 tuendum,
840 2920 904 2981 quo
934 2905 1081 2982 graviora
1110 2905 1143 2966 in
1172 2906 1278 2982 ipsum

528 3015 662 3078 gregem
695 2999 940 3062 luctuosissimis
969 2997 1056 3061 hisce
1079 2999 1278 3076 temporibus

527 3094 641 3157 damna
673 3093 895 3155 inimicorum*
913 3092 1081 3154 hominum
1112 3108 1208 3170 opera
1236 3093 1277 3153 ir·

528 3194 629 3250 ruunt
650 3193 683 3250 et
703 3187 870 3250 invadunt.

566 3283 638 3358 52.
661 3280 763 3344 Nemo
785 3290 873 3344 certo
903 3281 1054 3358 ignorare
1077 3287 1198 3358 potest,
1224 3282 1278 3344 tri·

525 3377 698 3439 ocissimum
728 3392 762 3438 ac
793 3373 1021 3452 deplorandam
1047 3374 1276 3448 conditionem,

526 3468 559 3531 in
580 3484 676 3546 quam
699 3467 855 3530 hodierna
875 3467 1009 3528 societas
1031 3465 1132 3543 magis
1154 3467 1186 3527 in
1212 3467 1278 3530 dies

526 3561 715 3640 prolabitur,
739 3561 887 3624 derivare
918 3575 958 3621 ex
985 3567 1033 3622 tot
1053 3558 1278 3622 tunestissimis

526 3653 831 3725 machinationibus,
860 3667 941 3731 quae
969 3653 1174 3726 adhibentur,
1205 3659 1278 3716 uta

526 3747 660 3827 publicis
692 3746 946 3810 institutionibus
974 3763 1009 3808 ac
1029 3745 1214 3808 domesticis
1236 3746 1278 3808 la-

526 3841 621 3905 miliis
650 3841 793 3919 quotidie
819 3841 921 3918 magis
941 3840 1137 3902 sanctissima
1158 3839 1277 3903 Christi

526 3936 626 4006 tides,
653 3934 770 4012 religio
799 3934 933 4011 eiusque
955 3933 1102 3996 salutaris
1134 3933 1277 3996 doctrina

525 4038 712 4092 amoveatur
738 4033 771 4089 et
791 4026 1003 4089 saluberrima
1024 4027 1094 4089 eius
1116 4027 1164 4088 vis
1186 4043 1277 4089 coan-

526 4130 676 4200 gustatur
693 4139 728 4184 ac
750 4121 984 4200 praepediatur.
1007 4121 1092 4196 Quae
1121 4121 1277 4200 pernicio-

526 4217 669 4279 sissimae
691 4215 944 4278 machinationes
965 4231 1005 4278 ex
1028 4221 1075 4278 tot
1096 4215 1277 4294 pravisdo-

525 4311 636 4373 ctrinis
657 4309 838 4372 necessario
860 4308 1020 4385 originem
1047 4307 1175 4380 habent,
1200 4323 1277 4386 quas

527 4404 583 4467 hac
598 4404 780 4466 miserrima
795 4412 904 4467 nostra
918 4408 1030 4474 aetate,
1040 4419 1121 4464 cum
1137 4403 1277 4466 maximo

525 4497 715 4568 christianae
742 4496 910 4574 civilisque
932 4495 1126 4574 reipublicae
1148 4497 1275 4569 damno,

525 4591 670 4668 undique
691 4590 846 4652 maiorem
869 4589 902 4652 in
927 4589 1059 4652 modum
1081 4589 1278 4653 invalescere

525 4695 558 4747 et
585 4691 679 4764 caput
699 4684 792 4746 altius
814 4682 972 4746 extollere
987 4683 1202 4746 vehomenter
1224 4683 1277 4746 do-

525 4779 641 4842 lemus.
665 4777 705 4839 Et
724 4793 800 4839 sane
828 4793 900 4839 cum
929 4777 1081 4840 veritates
1103 4794 1119 4838 a
1140 4777 1206 4840 lieo
1228 4794 1277 4840 re-

525 4873 648 4935 velatae
660 4871 866 4951 impudenter
882 4871 1086 4947 denegentur
1099 4871 1151 4934 vel
1166 4871 1276 4934 buma-

526 4984 585 5030 nae
606 4966 737 5029 rationis
760 4965 900 5028 examini
914 4964 1135 5038 subiiciuntur,
1154 4966 1274 5038 eveuit,

525 5069 562 5124 ut
583 5060 636 5124 illa
658 5059 851 5122 naturalium
881 5074 991 5121 rerum
1021 5058 1114 5137 plane
1146 5059 1275 5122 tollatur

524 5154 693 5226 subiectio,
707 5169 788 5230 quae
803 5152 1038 5231 supernaturali
1054 5147 1159 5215 ordini
1175 5154 1275 5215 omni-

525 5264 568 5312 no
593 5248 747 5320 debetur,
778 5253 878 5323 utque
908 5247 1055 5308 homines
1081 5245 1118 5308 ab
1143 5255 1275 5309 aeterno

525 5357 584 5404 suo
606 5341 671 5404 tine
685 5345 855 5404 arceantur
870 5355 1051 5416 eorumque
1065 5339 1275 5417 cogitationes

525 5435 732 5513 actionesque
754 5435 791 5496 acl
814 5432 1028 5496 materialium
1047 5433 1276 5511 fugaciumque

527 5529 621 5592 huius
653 5529 765 5591 mundi
793 5543 904 5590 rerum
933 5527 1053 5590 limites
1074 5529 1273 5606 redigantur.

526 5624 566 5686 Et
594 5623 746 5701 quoniam
776 5621 932 5696 Ecclesia,
957 5637 1038 5700 quae
1067 5623 1216 5686 columna
1245 5629 1277 5684 et

525 5717 765 5780 firmamentum
794 5717 937 5779 veritatis
965 5735 981 5778 a
1003 5717 1112 5780 divino
1133 5733 1193 5779 suo
1214 5715 1277 5779 hu·

525 5817 615 5873 ctore
636 5809 697 5873 luit
717 5809 906 5882 constituta,
930 5817 966 5872 ut
987 5825 1099 5873 omnes
1129 5811 1277 5873 homines

526 5903 667 5968 divinam
698 5904 829 5967 edoceat
859 5904 955 5967 fidem
987 5904 1122 5984 eiusque
1154 5905 1278 5984 deposi-

1052 533 1117 581 lua.
1141 534 1233 580 PONE.
1257 534 1299 579 bu
1321 534 1351 580 P.
1375 533 1405 578 F.
1429 534 1514 580 PARS
1535 533 1557 578 l.

1342 657 1409 712 tum
1420 651 1480 713 sibi
1491 650 1644 713 traditum
1655 650 1819 728 integrum
1831 649 2087 725 inviolatumque

1340 745 1505 817 custodiat,
1529 761 1563 806 ac
1585 745 1733 806 homines
1757 759 1936 821 eorumque
1961 759 2089 806 consor-

1340 837 1380 900 tia
1402 845 1435 900 et
1455 838 1595 900 actiones
1617 837 1653 900 ad
1677 853 1805 900 morum
1826 837 2026 900 honestatem
2042 839 2088 898 vi·

1340 939 1453 1010 tueque
1468 931 1687 1008 integritatem
1700 931 1788 993 iuxta
1800 931 1961 993 revelatae
1973 931 2089 994 doctri-

1338 1042 1397 1088 nae
1419 1042 1565 1088 normam
1586 1025 1702 1107 dirigat
1716 1033 1748 1086 et
1764 1025 1873 1101 lingat,
1890 1025 2008 1087 idcirco
2022 1041 2089 1103 pra·

1337 1135 1450 1182 varum
1479 1119 1698 1182 doctrinarum
1721 1118 1861 1181 lautores
1884 1125 1916 1180 et
1937 1134 2089 1196 propaga-

1338 1221 1424 1276 tores
1452 1214 1558 1276 omnia
1580 1220 1751 1285 conantur,
1781 1219 1816 1273 ut
1844 1212 2089 1274 ecclesiasticam

1336 1315 1526 1386 potestatem
1548 1324 1604 1369 sua
1620 1323 1696 1386 erga
1711 1307 1883 1369 humanam
1904 1307 2088 1368 societatem

1335 1403 1522 1465 auctoritate
1543 1403 1693 1480 spolient.
1709 1400 1923 1475 Quamobrem
1941 1400 2022 1463 nihil
2042 1400 2090 1462 in-

1337 1503 1495 1559 tentatum
1507 1496 1653 1574 nihilque
1668 1495 1874 1573 inexpertum
1887 1495 2087 1572 relinquunt,

1336 1598 1372 1653 ut
1393 1607 1523 1654 ornnem
1554 1590 1712 1653 Ecclesiae
1734 1597 1925 1668 potestatem
1955 1589 2089 1666 eiusque

1334 1685 1508 1748 salutarem
1531 1685 1608 1758 vim,
1633 1701 1727 1762 quatu
1750 1685 1815 1762 ipsa
1835 1683 1974 1746 Ecclesia
1990 1701 2030 1746 es
2045 1685 2089 1748 di·

1336 1780 1408 1841 vina
1431 1796 1487 1841 sua
1508 1779 1710 1842 institutione
1733 1793 1862 1856 semper
1892 1778 2037 1840 exercuit
2058 1786 2091 1840 et

1335 1873 1368 1934 in
1402 1873 1558 1936 humanae
1588 1872 1746 1934 societatis
1768 1872 1912 1933 instituta
1935 1886 2089 1934 exercere

1336 1967 1441 2038 debet,
1459 1967 1511 2028 rel
1535 1967 1634 2044 magis
1657 1967 1688 2028 in
1711 1967 1778 2028 dies
1793 1972 1966 2037 coarctent,
1983 1966 2034 2028 vel
2051 1965 2089 2028 ab

1336 2060 1457 2122 eisdem
1478 2059 1634 2120 institutis
1655 2067 1794 2131 arceant,
1812 2065 1843 2121 et
1864 2059 1930 2136 ipsa
1945 2059 2089 2120 instituta

1336 2155 1431 2233 pleno
1454 2154 1557 2216 civilis
1585 2153 1797 2232 politicaeque
1824 2153 2020 2215 auctoritatis
2041 2169 2090 2214 ar-

1336 2248 1431 2311 bitrio
1463 2249 1632 2311 subiiciant
1653 2249 1690 2310 ad
1726 2247 1955 2326 imperantium
1979 2249 2089 2326 placita

1336 2349 1368 2404 et
1388 2343 1425 2405 ad
1449 2343 1642 2405 volubilium
1664 2343 1773 2429 aetatis
1789 2342 1978 2420 opinionum
1995 2343 2089 2405 ratio-

1336 2453 1422 2499 nem.

1376 2533 1394 2606 ἓ
1415 2532 1444 2592 3.
1459 2530 1545 2593 Nihil
1558 2545 1636 2592 vero
1653 2531 1785 2602 mirum,
1801 2531 1827 2591 si
1844 2529 2029 2593 huiusmodi
2041 2530 2088 2594 lu-

1335 2625 1510 2687 nestissimi
1525 2641 1601 2686 sane
1615 2631 1746 2686 conatus
1759 2625 1792 2686 in
1805 2623 1962 2703 publicam
1976 2624 2089 2686 iuven·

1337 2720 1412 2782 tutis
1427 2719 1664 2782 institutionem
1681 2719 1969 2796 educationemque
1981 2721 2013 2779 in
2026 2719 2088 2796 pri-

1338 2813 1397 2875 mis
1429 2821 1670 2891 comparentur,
1695 2811 1841 2889 nihilque
1863 2811 2086 2894 dubitandum,

1335 2907 1413 2984 quin
1437 2905 1574 2968 humana
1595 2907 1728 2967 societas
1751 2906 1951 2982 gravissimis
1967 2905 2088 2985 replea-

1335 3007 1388 3062 tur
1410 3008 1442 3062 et
1462 3005 1601 3062 vexetur
1623 2999 1766 3072 damnis,
1795 2999 1848 3061 ubi
1871 3017 1887 3061 a
1910 2999 2034 3078 publica
2056 3009 2089 3062 et

1335 3093 1454 3172 privata
1486 3093 1665 3156 iuventutis
1694 3093 1912 3166 institutione,
1947 3108 2007 3170 qua
2040 3096 2087 3156 rei

1335 3203 1407 3250 cum
1440 3204 1546 3250 sacrae
1572 3195 1642 3250 tum
1664 3187 1810 3266 publicae
1832 3187 1964 3250 felicitas
1986 3196 2088 3251 tanto-

1336 3297 1412 3360 pere
1435 3281 1630 3354 continetur,
1654 3280 1752 3343 luerit
1768 3282 1964 3344 moderatrix
1980 3283 2087 3345 Eccle-

1333 3375 1398 3437 siae
1419 3375 1589 3438 auctoritas
1612 3375 1747 3452 eiusque
1762 3374 1925 3437 salutifera
1941 3375 1988 3437 vis
2002 3392 2088 3438 amo-

1334 3475 1374 3530 ta.
1392 3469 1457 3532 lloc
1479 3469 1566 3531 enim
1590 3469 1685 3530 modo
1708 3469 1846 3531 humana
1861 3471 1993 3532 societas
2008 3485 2088 3532 voco

1334 3562 1390 3625 illo
1404 3563 1579 3634 christiano
1594 3563 1708 3641 spiritu
1725 3563 1844 3626 sensim
1860 3562 2015 3641 privatur,
2033 3564 2087 3640 qui

1333 3672 1417 3718 trnus
1440 3663 1544 3735 potest
1566 3663 1598 3718 et
1620 3655 1738 3738 publici
1761 3657 1881 3719 ordinis
1910 3657 2088 3734 tranquilli·

1334 3749 1471 3826 tutisque
1494 3749 1701 3812 lundamenta
1722 3750 1880 3813 stabiliter
1901 3765 2032 3813 servare
2053 3768 2088 3814 ac

1334 3857 1449 3904 verum
1471 3842 1652 3920 utilemque
1667 3843 1802 3906 civitatis
1818 3858 2026 3921 progressum
2042 3844 2087 3906 el·

1334 3937 1430 3998 licere
1452 3953 1486 3998 ac
1509 3935 1684 4008 moderari,
1709 3945 1741 3999 et
1762 3953 1797 3999 ea
1820 3937 1926 3999 omnia
1949 3937 2087 4000 homini-

1333 4028 1392 4090 bus
1415 4029 1571 4108 praebere
1592 4029 1743 4103 subsidia,
1768 4045 1849 4108 quae
1871 4030 1907 4092 ad
1933 4029 2086 4094 ultimum

1331 4121 1426 4185 suum
1450 4132 1521 4202 post
1542 4123 1686 4186 mortalis
1708 4124 1843 4187 huiusce
1871 4125 1954 4186 vitae
1981 4127 2087 4188 statio-

1334 4233 1408 4279 nem
1425 4217 1522 4279 llnem
1538 4217 1787 4303 assequendum,
1801 4218 1922 4280 scilicet
1933 4219 1969 4280 ad
1986 4227 2087 4281 aeter·

1333 4327 1406 4373 uam
1421 4311 1557 4373 salutem
1574 4310 1791 4382 obtinendam,
1805 4319 1882 4374 sunt
1896 4314 2084 4374 necessaria.

1333 4405 1373 4466 Et
1394 4421 1469 4468 sane
1490 4404 1662 4476 institutio,
1675 4419 1756 4482 quae
1772 4420 1837 4466 nou
1852 4404 1958 4466 solum
1975 4421 2085 4467 rerum

1333 4499 1497 4561 dumtaxat
1519 4497 1714 4561 naturalium
1743 4498 1908 4560 scientiam
1930 4515 1965 4560 ac
1986 4505 2087 4562 terre-

1333 4609 1392 4656 nae
1422 4593 1546 4655 socialis
1579 4592 1662 4654 vitae
1694 4593 1773 4654 lines
1805 4599 1942 4670 spectat,
1969 4607 2085 4654 verum

1333 4687 1428 4748 etiam
1451 4703 1467 4746 a
1488 4684 1678 4748 veritatibus
1701 4701 1716 4744 a
1739 4683 1804 4746 Deo
1826 4683 1977 4748 revelatis
1995 4685 2086 4748 dece·

1333 4779 1389 4850 dit,
1406 4779 1439 4840 in
1461 4778 1581 4842 erroris
1597 4778 1820 4855 mendaciique
1841 4777 1991 4856 spiritum
2014 4795 2086 4857 pro·

1332 4873 1455 4936 labatur
1484 4881 1629 4952 oportet,
1654 4881 1687 4938 et
1719 4873 1880 4946 educatio,
1913 4889 1994 4952 quae
2016 4875 2086 4938 sine

1332 4967 1522 5030 christianae
1545 4967 1709 5029 doctrinae
1731 4981 1926 5044 morumque
1948 4967 2086 5046 discipli-

1332 5077 1390 5123 nae
1419 5061 1538 5123 auxilio
1568 5068 1694 5123 teneras
1720 5061 1972 5125 adolescentium
1996 5079 2086 5126 men·

1332 5161 1379 5216 tes
1402 5170 1582 5232 eorumque
1605 5171 1695 5217 cerea
1712 5155 1744 5216 in
1761 5155 1876 5218 vitium
1891 5155 1975 5218 llecti
1991 5157 2085 5219 corda

1331 5247 1493 5320 informat,
1518 5265 1583 5311 non
1606 5255 1711 5327 potest
1733 5265 1797 5310 non
1828 5265 1942 5327 parere
1970 5265 2085 5328 proge-

1332 5341 1430 5415 niem,
1448 5357 1539 5419 quae,
1561 5341 1665 5420 pravis
1684 5342 1907 5420 cupiditatibus
1933 5344 2085 5422 propriis-

1331 5450 1394 5511 que
1423 5435 1599 5497 rationibus
1632 5442 1756 5498 tantum
1788 5442 1933 5515 permota
1961 5444 1994 5499 et
2027 5437 2085 5500 im·

1332 5529 1431 5608 pulsa,
1447 5529 1599 5590 maximas
1621 5537 1689 5591 tum
1712 5529 1843 5608 privatis
1865 5529 1992 5592 lamiliis
2015 5538 2084 5594 tum

1331 5621 1527 5700 reipublicae
1547 5622 1639 5684 aliert
1660 5621 1863 5685 calamitates.

1372 5719 1390 5793 ἓ
1412 5717 1441 5778 l.
1465 5715 1506 5780 ht
1526 5730 1617 5790 vero,
1634 5732 1707 5778 cum
1724 5716 1908 5779 huiusmodi
1928 5717 2084 5796 pernicio·

2127 517 2178 572 Αιι.
2192 517 2220 574 C.
2235 517 2299 574 {864

1333 5811 1457 5872 sissima
1480 5810 1615 5873 docendi
1634 5811 1726 5883 ratio,
1742 5810 1885 5872 seiuncta
1900 5827 1916 5871 a
1931 5811 2083 5874 catholica
2141 5864 2142 5867 ,

1335 5905 1398 5968 lide
1416 5911 1449 5968 et
1463 5905 1501 5967 ab
1523 5903 1680 5966 Ecclesiae
1703 5911 1870 5984 potestate,
1888 5904 2029 5968 maximo
2043 5905 2085 5966 sit
