4814 6992
976 487 1119 534 CLEUENS
1140 487 1191 532 ab.
1217 488 1259 534 xl.

343 606 444 670 lutam
460 605 652 686 appreceris,
670 605 866 680 eosdemque
886 603 1037 676 horteris,
1055 612 1091 667 nt

345 715 565 762 memorasse
593 705 705 761 tenere
735 705 919 760 manentem
944 697 1090 760 substan·

345 793 658 866 transmutasset
679 809 713 854 ac
734 791 917 854 immobiles
939 801 971 854 et
991 791 1088 854 abun-

343 887 453 950 dantes
468 887 500 950 in
517 901 614 966 opere
637 885 775 956 Domini,
800 893 899 962 utque
922 885 1000 948 nihil
1024 901 1089 946 me-

344 987 433 1042 tuant
446 999 462 1041 a
477 980 556 1042 lacie
570 979 714 1051 illorum,
735 978 790 1057 qui
812 993 867 1040 eos
891 993 1089 1056 prosequun-

343 1081 406 1146 tur,
429 1075 560 1136 dextera
588 1070 823 1152 omnipotentis
853 1072 950 1134 dubio
978 1072 1087 1150 procul

341 1167 540 1230 conterendi.
555 1166 662 1229 Sciant
672 1173 792 1238 antem,
806 1166 890 1244 quod
907 1166 1088 1228 benedictio

341 1261 397 1324 liei
411 1262 444 1324 in
460 1261 643 1324 mercedem
660 1261 819 1322 iustorum
842 1259 980 1330 festinat,
997 1261 1087 1324 cuius

340 1356 373 1418 in
393 1355 567 1435 auspicium
585 1371 643 1416 nos
659 1352 807 1415 fidelibus
822 1353 910 1430 ipsis,
928 1369 961 1414 ae
976 1353 1008 1416 in
1025 1352 1086 1430 pri-

339 1450 401 1510 mis
422 1449 615 1512 iraternitati
630 1455 713 1518 tuae,
731 1447 933 1524 apostolicam
958 1446 1086 1509 benedi-

338 1543 478 1604 ctionem
500 1549 705 1621 peramanter
726 1540 943 1617 impertimur.

379 1635 490 1698 llatum
506 1637 635 1706 Romae,
653 1634 735 1713 apud
752 1631 783 1694 S.
801 1634 945 1706 Petrum,
958 1635 1017 1697 suh
1033 1651 1085 1697 an-

336 1731 416 1793 nulo
441 1731 564 1801 Piscat,
592 1729 643 1790 die
672 1743 752 1789 usti.
780 1727 913 1788 ianuarii
939 1745 1083 1800 abacis,

336 1826 538 1900 nominemus
561 1822 663 1884 nostri
684 1837 768 1882 anno
791 1837 833 1882 iv.

694 2108 730 2169 li.

334 2296 477 2376 Acceptis
493 2311 600 2375 crepe
616 2293 800 2374 Aethiopiae
818 2293 946 2363 titteris,
971 2293 1082 2372 pathas

374 2387 620 2470 sipoificabatar
646 2388 749 2467 ipsam
778 2403 881 2468 repeat
904 2386 945 2450 ad
968 2387 1082 2468 ample-

374 2483 518 2546 ctendam
534 2499 605 2544 cam
624 2481 768 2543 Romana
784 2480 927 2543 Ecclesia
941 2481 976 2542 ia
991 2483 1082 2543 calta

374 2577 573 2639 christianae
603 2575 676 2656 fidei
704 2575 863 2638 unitatem
890 2591 1081 2656 propensam

374 2689 448 2740 esse,
471 2687 542 2732 caat
564 2667 659 2730 caiae
690 2667 887 2730 aditortatar
909 2667 949 2730 od
969 2685 1080 2750 propo·

373 2765 470 2826 sitam
491 2760 719 2839 exequendam.

359 2949 467 3016 illustri
490 2965 527 3014 sc
550 2945 758 3029 potentissimo
781 2945 844 3028 rapi
865 2945 1051 3029 hethiopiae,

538 3130 724 3199 ctttlfitts
749 3131 807 3198 ΡΡ.
831 3130 875 3200 tlt.

456 3321 582 3388 illustria
604 3335 641 3385 aa
664 3319 872 3402 potentissime
897 3335 958 3398 rer,

376 3417 504 3486 salutern
529 3420 559 3482 el
582 3413 679 3481 lunen
702 3412 817 3480 divinae
840 3413 959 3496 pretias
973 3415 1030 3496 (l).

367 3604 586 3684 omnipotenti
609 3601 687 3674 beo,
710 3601 766 3679 qui
788 3601 859 3666 lons
875 3610 924 3665 est
938 3610 971 3666 et
986 3605 1077 3682 origo

326 3694 745 3770 honorum,1nhumilitate
766 3694 869 3756 cordis
891 3697 992 3758 nostri
1008 3713 1077 3774 gra-

326 3793 384 3854 tias
406 3793 543 3868 egimus,
564 3790 618 3852 uhi
641 3789 762 3852 litteras
784 3789 983 3851 celsitudinis
1007 3799 1076 3853 tuae

325 3885 505 3964 accepimns
527 3903 543 3945 a
564 3883 681 3945 dilecto
707 3881 788 3953 lilio,
812 3881 964 3960 religioso
992 3883 1074 3958 viro,

325 3979 461 4057 losepho
476 3996 491 4039 a
504 3976 716 4048 Hierusalem,
730 3973 856 4038 Ordinis
869 3975 1005 4040 iratrum
1019 3980 1075 4039 mi-

326 4089 442 4134 norum
466 4071 570 4133 Sancti
595 4069 751 4132 Francisci
776 4071 945 4135 strictioris
968 4073 1076 4136 obser-

326 4166 461 4238 vantiae,
485 4167 664 4243 eodemque
695 4165 884 4244 interprete,
915 4175 947 4229 et
976 4170 1074 4232 multa

326 4262 365 4322 de
385 4269 414 4322 te
436 4259 527 4322 nobis
548 4261 681 4337 ingente
695 4275 768 4322 cum
786 4259 877 4322 laude
897 4263 1072 4338 relerente,

325 4354 536 4432 cognovimus
551 4352 749 4430 praeclarum
766 4353 973 4430 desiderium,
988 4361 1072 4435 quod

325 4448 424 4520 loves,
448 4449 568 4510 nedum
590 4446 803 4524 amplectendi
826 4461 936 4512 veram
959 4467 992 4512 ac
1010 4453 1073 4515 sin·

324 4559 428 4605 ceram
451 4557 524 4606 cum
553 4542 610 4602 hac
632 4539 743 4603 Sancta
771 4541 910 4605 liomana
935 4544 1073 4610 Ecclesia

325 4639 356 4700 in
377 4637 577 4716 protessione
606 4644 638 4698 et
666 4635 754 4698 cultu
783 4637 973 4702 christianae
999 4641 1072 4703 tidai

324 4732 491 4802 unitatem,
505 4731 561 4792 sed
573 4730 609 4792 ad
626 4745 695 4792 eam
711 4729 883 4792 ineundam
900 4733 1072 4798 inducendi

324 4825 473 4904 exemplo
491 4831 524 4887 et
538 4824 731 4892 ⁴anctoritate
754 4831 806 4885 tua
828 4825 963 4904 amplam
980 4827 1071 4891 istam

322 4920 496 4990 nationem,
509 4919 568 4981 hoc
580 4919 649 4996 ipso
662 4919 793 4980 nomine
805 4919 881 4982 olim
895 4921 1069 4994 celebrem,

322 5015 395 5092 quia
410 5015 554 5076 haustam
570 5013 608 5076 ab
623 5013 698 5091 ipsis
714 5015 897 5091 primordiis
913 5015 1071 5082 Ecclesiae

322 5107 506 5170 catholicam
531 5107 698 5169 verimtem
725 5107 865 5170 fideliter
886 5112 1068 5174 custodivit.

321 5201 462 5263 Credere
483 5217 559 5262 sane
581 5217 636 5278 par
652 5209 700 5262 est
715 5201 816 5264 [lenm
839 5204 942 5280 ipsum
966 5213 1070 5268 aucto·

321 5310 390 5356 rem
414 5295 468 5356 tibi
491 5294 590 5356 tuisse
620 5301 681 5356 mm
710 5295 854 5358 salutaris
876 5298 1010 5371 consilii,
1035 5309 1072 5362 ut

322 5405 360 5450 eo
383 5404 440 5466 per
462 5395 493 5450 te
515 5389 661 5450 alacriter
682 5397 842 5467 suscepto,
858 5391 958 5453 lluant
972 5409 1069 5471 super

319 5490 412 5560 caput
435 5489 526 5545 tuum
554 5482 701 5550 coelestis
731 5483 969 5548 misericordiae
991 5487 1069 5549 divi·

321 5577 392 5638 tiae.
417 5577 543 5638 Monitis
565 5579 672 5654 itaque
697 5579 845 5656 supernis
869 5579 1001 5658 obsequi
1029 5599 1068 5644 ne

318 5669 464 5746 differas3
482 5672 574 5734 decet
587 5672 673 5734 enim
690 5679 735 5745 ut,
751 5673 877 5750 quando
892 5675 925 5736 in
940 5676 1067 5738 excelso

1147 612 1294 667 terrenae
1327 605 1489 683 dignitatis
1521 606 1602 668 solio
1634 607 1826 669 constitutus
1857 606 1893 668 ad

1146 697 1266 760 multos
1288 698 1350 760 late
1372 699 1506 777 populos
1529 701 1574 762 tui
1599 699 1738 762 nominis
1760 700 1894 762 auctori-

1146 798 1242 852 tatem
1260 792 1433 870 protulisti,
1450 793 1614 856 conversis
1630 794 1662 855 in
1678 793 1803 856 coelum
1821 811 1894 856 ocu-

1145 884 1194 954 lis,
1212 885 1248 947 ad
1268 901 1375 946 veram
1391 893 1486 964 atque
1501 901 1684 949 mansuram
1709 887 1892 950 felicitatem

1144 978 1275 1056 aspires.
1300 978 1429 1041 Frustra
1451 995 1529 1041 vero
1553 986 1673 1042 tantum
1703 981 1824 1044 honum
1847 999 1893 1042 as·

1144 1073 1235 1148 sequi
1251 1073 1436 1146 cantandae,
1461 1074 1521 1136 nisi
1543 1072 1609 1136 Deo
1631 1074 1757 1152 placere
1773 1083 1893 1153 satagas

1143 1166 1373 1228 consentiendo
1388 1167 1421 1228 in
1438 1167 1497 1238 his,
1515 1182 1595 1243 quae
1611 1167 1647 1228 ad
1669 1175 1830 1230 aeternam
1847 1186 1892 1229 sa-

1144 1258 1244 1320 lutcm
1269 1260 1442 1336 pertinent,
1466 1275 1537 1322 cum
1563 1261 1618 1322 hac
1640 1269 1745 1323 sancta
1768 1269 1801 1324 et
1820 1277 1893 1340 apo·

1143 1353 1251 1414 stolica
1274 1354 1372 1430 ipsius
1395 1353 1545 1424 Ecclesia,
1562 1369 1643 1431 quae
1659 1355 1809 1418 traditum
1834 1357 1892 1418 sihi

1142 1447 1180 1507 ab
1202 1464 1240 1508 eo
1263 1462 1358 1509 verae
1382 1448 1455 1510 fidei
1477 1448 1657 1526 depositum
1676 1448 1813 1510 fideliter
1827 1466 1893 1510 ser-

1143 1541 1228 1602 vavit
1240 1549 1400 1612 etservat,
1415 1541 1539 1618 luitque
1551 1549 1653 1612 antea,
1668 1549 1780 1618 estque
1797 1544 1892 1606 modo

1142 1635 1250 1696 eterit
1266 1645 1421 1714 perpetuo
1434 1635 1580 1698 omnium
1595 1650 1652 1713 per
1665 1635 1777 1698 orbem
1793 1637 1892 1699 eccle-

1142 1727 1261 1788 siarum
1284 1744 1359 1790 vera
1381 1737 1412 1792 et
1434 1729 1525 1791 unica
1548 1737 1650 1790 mater
1671 1745 1705 1791 ac
1728 1731 1889 1807 magistra.

1181 1820 1260 1882 Cum
1285 1823 1390 1900 itaque
1413 1839 1482 1895 nos,
1500 1821 1597 1884 nullis
1613 1823 1743 1899 quidem
1767 1826 1891 1886 meritis

1141 1915 1271 1986 nostris,
1293 1917 1347 1978 sed
1371 1916 1427 1978 Dei
1449 1917 1548 1994 ipsius
1572 1916 1783 1990 ordinatione,
1807 1918 1891 1994 regi-

1142 2023 1216 2070 men
1235 2009 1377 2072 eiusdem
1396 2009 1554 2072 Ecclesiae
1576 2009 1789 2082 obtineamus,
1806 2019 1839 2072 et
1853 2012 1889 2073 ad

1141 2099 1325 2164 obeundum
1342 2117 1399 2179 per
1419 2109 1521 2164 totum
1544 2101 1753 2164 christianum
1777 2104 1889 2166 orbem

1140 2193 1331 2256 universalis
1353 2195 1489 2257 Pastoris
1512 2211 1629 2257 munus
1651 2197 1754 2258 vocati
1776 2197 1887 2270 simus,

1140 2287 1251 2350 libenti
1283 2289 1390 2350 animo
1419 2295 1451 2350 et
1480 2289 1567 2350 omni
1593 2290 1722 2352 caritate
1750 2292 1888 2370 comple-

1138 2380 1256 2441 ctimur
1278 2381 1500 2442 celsitudinem
1525 2387 1611 2442 tuam
1636 2387 1697 2442 tam
1720 2383 1821 2460 probe
1843 2384 1889 2444 in-

1138 2473 1296 2544 clinatam,
1316 2475 1479 2536 hortantes
1495 2481 1527 2536 et
1543 2475 1745 2537 obsecrantes
1769 2485 1810 2549 te,
1832 2493 1888 2556 per

1138 2583 1257 2628 nomen
1281 2567 1406 2629 Domini
1429 2569 1531 2628 nostri
1553 2567 1624 2629 lesu
1643 2567 1773 2638 Christi,
1797 2571 1887 2632 cuius

1137 2661 1222 2722 vices
1254 2663 1285 2722 in
1316 2669 1433 2722 terram
1463 2661 1616 2738 gerimus,
1639 2669 1676 2724 ut
1697 2663 1774 2724 inita
1801 2681 1888 2741 prae-

1137 2754 1197 2816 lata
1220 2755 1341 2816 unitate
1364 2767 1465 2831 eaque
1488 2755 1522 2815 ad
1547 2763 1614 2816 tuas
1636 2755 1774 2818 ditiones
1788 2773 1823 2819 ac
1837 2774 1887 2820 re·

1137 2862 1209 2924 gna,
1226 2848 1440 2924 quantocitius
1464 2847 1532 2910 lieri
1556 2849 1684 2924 poterit,
1704 2859 1885 2928 propagata,

1137 2955 1290 3017 properes
1311 2941 1348 3002 ad
1370 2939 1519 3002 salntem.
1547 2939 1668 3003 Curare
1697 2951 1804 3005 autem
1833 2961 1886 3023 po-

1137 3033 1295 3104 tissimum
1311 3033 1419 3104 debes,
1437 3041 1473 3094 ut
1487 3033 1606 3096 subditi
1623 3035 1668 3096 tui
1684 3035 1886 3099 documentis

1136 3127 1210 3188 fidei
1222 3125 1412 3188 christianae
1424 3132 1512 3188 recte
1523 3125 1742 3200 instituantur,
1758 3137 1790 3191 et
1805 3145 1886 3208 quae

1135 3226 1189 3280 aut
1209 3234 1266 3296 per
1289 3218 1417 3295 longam
1440 3233 1599 3280 annorum
1621 3220 1740 3282 seriem
1761 3222 1800 3284 de
1822 3224 1885 3300 pri-

1135 3326 1244 3374 maeva
1276 3312 1411 3374 veritate
1439 3310 1509 3374 istic
1537 3312 1727 3387 exciderint,
1750 3323 1804 3376 aut
1826 3332 1884 3395 per

1134 3418 1353 3482 quascumque
1375 3419 1486 3466 rerum
1511 3404 1748 3469 vicissitudines
1773 3409 1884 3472 adver-

1134 3511 1187 3558 sus
1203 3512 1272 3557 eam
1288 3497 1416 3559 inducta
1431 3496 1564 3570 luerint,
1583 3498 1708 3561 sublato
1732 3503 1818 3564 omni
1835 3518 1884 3564 er-

1133 3605 1209 3652 rore
1237 3607 1271 3652 ac
1299 3591 1445 3663 falsitate,
1476 3593 1513 3654 ad
1543 3593 1714 3670 puritatem
1737 3603 1769 3656 et
1797 3612 1884 3658 rece·

1133 3693 1219 3762 ptam
1233 3683 1272 3746 ab
1287 3685 1345 3746 hac
1363 3685 1507 3746 veritatis
1529 3686 1678 3748 cathedra
1699 3688 1882 3766 intelligen-

1133 3777 1208 3838 tiam
1233 3779 1439 3840 reducantur.

1171 3869 1260 3944 Quod
1283 3879 1318 3934 ut
1339 3871 1476 3936 leliciter
1501 3889 1575 3936 cnm
1606 3873 1661 3935 liei
1691 3892 1750 3954 ope
1772 3877 1882 3954 pertici

1132 3967 1239 4041 possit,
1263 3968 1382 4030 iterum
1411 3970 1493 4031 istuc
1523 3969 1680 4030 mittimus
1708 3985 1782 4031 cum
1803 3987 1882 4033 non-

1131 4060 1229 4122 nullis
1251 4063 1343 4126 sociis
1366 4063 1542 4142 praelatum
1564 4064 1754 4142 religiosum
1774 4067 1880 4130 virum

1131 4171 1314 4250 losephnm,
1332 4175 1372 4236 ob
1391 4174 1589 4252 singularem
1612 4177 1831 4254 integritatem
1847 4197 1881 4242 ac

1131 4268 1280 4344 pietatem
1311 4269 1402 4331 nohis
1431 4269 1604 4332 admodum
1634 4279 1759 4348 gratum
1785 4281 1880 4351 atque

1131 4364 1322 4440 probatum:
1359 4365 1413 4442 qui
1445 4365 1576 4442 quidem
1610 4382 1722 4428 omnes
1757 4367 1880 4430 incensi

1130 4457 1201 4519 zelo
1230 4459 1361 4520 honoris
1391 4459 1463 4532 Dei,
1488 4473 1546 4536 pro
1575 4460 1663 4522 cuius
1684 4477 1794 4523 amore
1816 4468 1879 4524 ter-

1130 4566 1207 4612 rena
1228 4566 1357 4629 quoque
1380 4570 1395 4614 a
1418 4568 1452 4614 se
1474 4552 1670 4626 abdicarunt,
1688 4555 1807 4632 optime
1826 4572 1878 4618 au-

1130 4650 1195 4705 tem
1221 4645 1254 4706 in
1281 4646 1456 4723 praeceptis
1485 4647 1687 4724 evangelicae
1716 4647 1877 4712 doctrinae

1129 4740 1257 4812 versati,
1282 4747 1427 4818 satagent
1448 4740 1581 4819 populos
1603 4741 1680 4803 istos
1696 4743 1826 4805 erudire
1841 4761 1878 4806 ea

1129 4831 1258 4895 lenitate
1280 4841 1375 4910 atque
1399 4835 1655 4907 mansuetudine,
1672 4851 1753 4913 quae
1775 4837 1876 4914 publi-

1127 4943 1235 4990 carum
1266 4944 1376 4990 rerum
1406 4929 1552 4990 ordinem
1580 4945 1614 4991 ac
1641 4937 1759 4992 statum
1785 4933 1875 4994 nullo

1127 5024 1223 5084 modo
1246 5023 1435 5101 perturbare
1458 5025 1565 5101 possit.

1166 5115 1388 5177 Gratissimum
1422 5125 1590 5194 propterea
1623 5119 1714 5180 nohis
1741 5120 1819 5191 erit,
1849 5122 1874 5182 si

1126 5210 1265 5271 eundem
1288 5209 1471 5288 losephnm,
1493 5211 1593 5273 veluti
1615 5212 1795 5290 ablegatum
1820 5232 1875 5277 no-

1125 5312 1240 5374 strum,
1264 5303 1406 5381 aliosque
1428 5305 1498 5366 eius
1518 5305 1630 5377 socios,
1648 5323 1713 5368 non
1734 5323 1801 5376 sun,
1818 5311 1873 5372 sed

1125 5410 1206 5472 quae
1234 5397 1352 5460 Christi
1383 5407 1475 5470 sunt,
1500 5407 1703 5476 quaerentes,
1728 5401 1873 5479 nullique

1125 5489 1225 5562 lucro,
1251 5500 1473 5569 praeterquam
1499 5493 1690 5566 animarum,
1713 5495 1873 5558 inhiantes

1125 5583 1264 5661 benigne
1293 5586 1475 5663 exceperis,
1512 5595 1671 5664 tamquam
1695 5605 1765 5660 eos,
1792 5606 1872 5668 quos

1125 5694 1290 5739 successor
1322 5679 1473 5757 principis
1498 5681 1745 5760 Apostolorum,
1779 5691 1872 5764 caput

359 5881 485 5938 (liciam.
501 5885 541 5929 xl.
557 5883 690 5940 Epistolae
705 5888 732 5930 et
746 5885 836 5932 brevia
851 5887 998 5942 selectiora,
1015 5895 1102 5935 tomus
1118 5894 1145 5944 l..
1160 5901 1218 5948 pag.
1236 5895 1281 5936 191.

1837 453 1874 516 77
1931 452 1984 510 Au.
1998 451 2026 508 G.
2042 448 2110 506 llos
