4884 6994
576 614 636 676 444
916 612 941 678 0

557 763 658 810 44444
670 750 771 812 dioec.
785 751 817 812 in
833 751 997 812 territorio
1010 748 1230 827 4444444-044
1243 756 1303 810 444.

559 839 608 912 44,
632 841 701 905 304.
731 843 857 906 Erectio
880 845 955 905 novi
977 844 1184 922 Episcopatus
1203 841 1306 904 Armi·

557 935 697 999 dolensis
722 935 769 1005 vl,
794 935 870 1010 384;
895 937 1020 998 Erectio
1053 937 1207 999 dioecesis
1232 933 1306 998 Gul-

557 1027 727 1092 hurucusis
750 1029 799 1100 vl,
820 1029 888 1092 384.
919 1029 1046 1092 Erectio
1068 1030 1219 1092 ecciesiae
1242 1029 1306 1108 epi-

556 1123 689 1202 scopalis
714 1123 967 1193 Bothursteusis,
990 1131 1023 1186 et
1048 1123 1189 1188 limitum
1221 1124 1306 1186 dioe-

557 1218 638 1279 cesis
661 1217 804 1280 definitio
828 1215 876 1290 vl,
901 1217 957 1280 434
982 1223 1014 1280 44
1035 1217 1103 1280 437.
1135 1217 1306 1295 4444444444

559 1311 713 1374 territorii
736 1311 887 1374 ecclesiae
911 1309 1158 1374 Moitluudcusta
1179 1319 1238 1372 etc.
1256 1307 1305 1381 vl,

558 1403 626 1466 488.
656 1405 784 1467 Erectio
814 1404 1033 1466 Praelecturae
1066 1421 1113 1482 ap.
1148 1403 1307 1466 missionis

558 1499 665 1561 Novae
692 1495 832 1561 Nursiae
854 1507 914 1560 etc.
940 1495 990 1568 vl,
1015 1497 1083 1559 443.
1114 1497 1253 1560 Praesidi
1277 1505 1308 1558 et

558 1594 677 1672 populo
693 1593 812 1672 gratiae
827 1599 968 1670 aguntur
985 1609 1042 1672 pro
1057 1609 1171 1655 eorum
1194 1593 1305 1655 aiieotu

557 1688 593 1750 ad
611 1689 668 1766 Ap.
687 1688 803 1750 Sedem
826 1686 983 1759 v1*‚ltl.
1007 1687 1200 1750 constitutio
1224 1686 1308 1749 dioe-

557 1782 678 1843 cesium
700 1781 889 1844 Baliarutuc
904 1791 936 1845 et
951 1779 1220 1844 Snudhursteusis
1235 1778 1306 1852 vl*‚

558 1872 627 1936 448.
659 1871 909 1936 Methourueusis
934 1874 1065 1937 ecclesia
1088 1875 1125 1936 ad
1149 1882 1309 1951 metropo-

559 1969 672 2030 litanae
696 1969 884 2045 dignitatem
908 1968 1058 2030 evehitur
1082 1965 1152 2038 vl*.
1176 1967 1246 2030 449.
1271 1967 1309 2028 E-

558 2063 659 2126 rectio
682 2061 856 2124 vicariatus
879 2063 938 2139 hp.
960 2063 998 2124 de
1024 2060 1223 2136 Oueousluud
1246 2069 1306 2124 etc.

560 2154 630 2226 vl*,
654 2154 724 2216 340.
741 2185 779 2200 -
803 2152 912 2218 844444
937 2155 1061 2232 primus
1080 2153 1180 2216 vicar.
1198 2154 1306 2232 hpost.

559 2251 766 2314 constituitur
789 2249 824 2322 ll,
846 2249 912 2312 438.
930 2283 964 2298 -
991 2248 1214 2313 liunedneosis
1237 2251 1309 2328 Epi-

559 2351 705 2422 scopatus
720 2343 858 2421 erigitur
872 2341 941 2414 vl*‚
953 2343 1002 2406 48.
1015 2375 1053 2390 -
1071 2342 1248 2410 0444444444
1264 2346 1310 2406 in·

558 2438 703 2500 solarum
727 2437 861 2515 Principi
895 2437 1126 2516 gratulationes
1149 2454 1207 2515 pro
1236 2455 1309 2501 con·

560 2533 709 2594 versione
733 2539 765 2593 et
784 2531 909 2610 pietatis
933 2533 1094 2610 operibus,
1116 2533 1310 2594 exhortatio-

560 2641 617 2686 nes
649 2626 684 2686 ad
714 2627 984 2703 perseverandum
1016 2641 1088 2687 cum
1121 2626 1250 2704 populo,
1279 2635 1311 2688 et

561 2719 651 2796 plura
674 2719 865 2780 numismata
883 2735 922 2780 ex
937 2735 1014 2780 auro
1030 2725 1062 2780 et
1076 2727 1210 2796 argento
1226 2721 1311 2782 dono

560 2813 657 2874 missa
680 2809 716 2884 V,
742 2810 810 2874 446.
833 2845 869 2859 -
895 2810 1053 2876 4444444444
1084 2812 1225 2874 vicarius
1250 2814 1308 2892 Ap.

560 2907 692 2984 eligitur
716 2905 753 2978 v,
777 2905 836 2968 444
861 2905 913 2988 (v.
938 2908 1030 2969 etiam
1059 2905 1234 2986 visitator).
1259 2905 1310 2971 Μ4-

562 2999 699 3064 lanesiae
716 3007 749 3063 44
765 2997 968 3064 4444444εέ44
986 2998 1160 3062 vicariatus
1175 2999 1232 3078 hp.
1250 3001 1311 3062 eri-

561 3095 658 3172 gitur,
692 3095 845 3173 separatis
878 3095 927 3156 bis
949 3095 1136 3172 regionibus
1158 3093 1196 3156 ab
1218 3093 1310 3158 Ocea·

561 3194 631 3252 uiae
645 3190 848 3253 occidentalis
866 3189 1022 3252 vicariatu
1033 3187 1069 3260 v,
1080 3189 1149 3250 344.
1161 3219 1199 3234 -
1210 3188 1240 3251 li.
1255 3187 1311 3252 04-

561 3282 698 3348 44444444
717 3281 890 3346 vicariatus
912 3284 1020 3361 apost.
1038 3284 1176 3360 erigitur
1192 3281 1242 3354 vl,
1260 3281 1308 3344 39.

562 3376 596 3440 Ν.
621 3377 756 3442 0444444
779 3377 882 3440 insula
904 3393 977 3440 cum
1000 3375 1067 3438 aliis
1087 3377 1311 3454 duodeviginti

562 3473 752 3534 addicuntur
781 3486 867 3533 novo
894 3471 951 3549 hp.
987 3468 1156 3532 vicariatui
1186 3477 1246 3532 eto.
1273 3467 1310 3542 v,

562 3566 631 3628 343.
657 3563 689 3628 Ν.
714 3563 876 3629 Zelandiae
901 3561 1074 3628 vicariatus
1097 3563 1155 3642 hp.
1179 3565 1212 3626 in
1235 3565 1312 3626 duas

562 3659 725 3722 dioeceses
748 3659 902 3722 dividitur
925 3666 984 3721 etc.
1010 3656 1060 3729 vl.
1084 3657 1138 3732 444;
1162 3659 1194 3718 44
1211 3673 1312 3734 44444

562 3753 666 3815 insula
682 3753 819 3829 erigitur
833 3753 924 3814 sedes
946 3750 1152 3813 0444444444
1168 3748 1237 3821 vl*‚
1255 3749 1311 3826 48;

562 3854 595 3908 44
614 3845 856 3927 Woliugtoucnsp'
870 3845 1023 3908 ecclesiae
1039 3845 1229 3924 providetur
1240 3841 1310 3918 vl*,

562 3937 632 4004 440.
657 3971 693 3986 -
718 3938 874 4020 Palmyrae
905 3939 1152 4018 hrobiepiscopo
1181 3953 1313 4018 respon-

563 4035 657 4098 detur
681 4035 839 4097 derebus
872 4035 954 4096 hand
981 4041 1068 4096 recte
1090 4034 1127 4095 ab
1150 4034 1218 4112 ipso
1251 4035 1312 4095 iam

564 4130 661 4206 gestis
688 4137 748 4191 etc.
774 4126 823 4200 vl,
851 4131 919 4192 444.
945 4125 1118 4208 Philippicis
1142 4127 1175 4189 in
1201 4127 1313 4190 insulis

564 4223 743 4287 instituitur
766 4223 922 4285 manilana
935 4221 967 4284 S.
985 4221 1127 4284 Thomas
1142 4223 1311 4294 academia,

563 4332 644 4394 quae
667 4323 775 4395 postea
797 4317 829 4377 in
852 4315 1010 4394 publicam
1039 4315 1221 4377 studiorum
1244 4317 1313 4377 uni-

564 4410 750 4472 versitatem
773 4410 910 4488 erigitur
932 4408 954 4482 l,
978 4409 1048 4480 444,
1074 4415 1105 4469 44
1127 4407 1162 4480 44,
1186 4407 1243 4483 44;
1267 4410 1312 4471 Ad

564 4503 692 4565 easilem
715 4504 835 4565 insulis
858 4504 1044 4568 extenditur
1067 4503 1234 4564 decretum
1250 4503 1314 4565 ele·

563 4597 676 4660 4444444
693 4596 724 4660 S.
745 4596 845 4660 Rosae
867 4597 899 4658 in
922 4606 1088 4675 patronam
1108 4595 1242 4659 aclem.
1260 4595 1312 4658 444.

563 4699 747 4754 emanatum
776 4690 797 4762 4,
831 4689 906 4766 408;
937 4691 1185 4770 hrobiepiscopo
1218 4707 1315 4768 expo-

563 4793 671 4848 scente
687 4785 865 4848 declaratur
881 4791 1065 4863 competere
1079 4783 1254 4847 Ordinariis
1270 4785 1315 4847 lo-

564 4896 675 4944 corum
700 4881 749 4942 ius
773 4876 919 4942 visitandi
947 4877 1143 4958 parochiales
1165 4879 1314 4941 ecclesias

564 4975 772 5053 Regularium
795 4975 827 5035 in
851 4974 899 5034 his
922 4973 1035 5036 insulis
1057 4973 1091 5044 ll,
1116 4971 1192 5048 2373
1222 4973 1315 5035 com·

564 5071 758 5132 mundantur
780 5069 843 5131 duo
866 5069 1047 5131 sacerdotes
1069 5085 1134 5130 suc.
1157 5067 1315 5130 Forniliuc

564 5181 603 5226 44
625 5163 712 5225 missi
734 5163 770 5226 ad
787 5177 908 5224 novum
932 5162 1116 5224 Sinensium
1139 5161 1314 5240 collegium

564 5259 813 5330 instituendum,
836 5256 874 5318 ab
895 5256 1059 5334 ipsiusque
1076 5255 1315 5334 hrchiepiscopi

564 5353 650 5416 curis
672 5351 868 5430 exposcitur,
885 5359 921 5414 nt
934 5368 958 5411 s.
976 5350 1228 5427 congregationi
1245 5350 1315 5412 red-

565 5448 658 5508 datur
681 5445 795 5520 444444
818 5443 962 5522 pecunia,
986 5459 1068 5520 4444
1091 5443 1168 5504 olim
1191 5443 1313 5506 acard.

565 5540 605 5602 de
633 5538 787 5600 vournon
809 5538 913 5614 legata
940 5537 1082 5600 4444444.
1107 5535 1157 5608 lv,
1184 5536 1241 5598 404
1262 5535 1313 5616 (v.

565 5633 708 5696 etiams.
735 5631 887 5711 congreg.
908 5630 1171 5710 Coosistoriolis).
1197 5629 1316 5693 Pollue-

1154 631 1251 676 moux
1274 631 1518 678 occassumcns
1731 611 1755 678 0

1361 749 1429 810 sitis
1455 751 1516 812 iam
1541 767 1596 828 per
1619 769 1643 812 s.
1668 750 1961 828 congregationem
1985 768 2118 816 conres-

1362 843 1404 904 sis
1420 850 1480 905 etc.
1500 841 1535 914 v,
1549 842 1599 920 90;
1616 843 1830 910 constituitur
1848 842 2021 908 vicariatus
2041 847 2118 925 hp„

1363 936 1511 1000 Societati
1528 936 1581 998 SS.
1602 937 1753 1002 cordium
1770 941 1840 1002 lesu
1854 947 1884 1002 ct
1901 939 2025 1004 Mariua
2042 957 2121 1003 con-

1363 1032 1504 1094 creditus
1530 1031 1563 1103 v,
1581 1032 1658 1108 343;
1681 1033 1815 1112 4444444
1839 1030 1952 1096 vicarii
1976 1033 2034 1112 hp.
2051 1043 2121 1096 stu·

1363 1125 1452 1186 dium
1476 1127 1696 1203 propagandae
1718 1126 1792 1188 fidei
1815 1129 1961 1205 impense
1988 1127 2121 1190 locetur

1366 1216 1414 1286 vl.
1438 1218 1487 1280 30.
1521 1217 1620 1283 84444
1652 1225 1684 1282 44
1711 1222 1828 1282 4444444
1861 1221 2021 1297 4444444444
2052 1222 2121 1300 epi-

1364 1313 1481 1392 scopali
1503 1314 1579 1376 sede
1595 1313 1692 1376 Perth
1715 1315 1932 1379 subiiciuntur
1955 1324 2120 1393 tamqnam

1364 1407 1427 1469 duo
1450 1405 1621 1469 vicariatus
1638 1407 1695 1486 hp.
1714 1405 1752 1478 V,
1770 1409 1839 1474 355.
1858 1405 1976 1488 844444
1999 1411 2123 1487 episco-

1366 1501 1442 1578 palis
1465 1501 1597 1564 ecclesia
1621 1502 1652 1564 in
1670 1502 1945 1580 Metropolitanum
1968 1502 2124 1566 evehitur

1364 1610 1437 1656 cum
1453 1595 1668 1672 suffraganeis
1685 1604 1744 1658 etc.
1762 1592 1800 1668 v,
1817 1594 1886 1658 404.
1902 1627 1938 1642 -
1952 1591 2053 1660 Ulcae
2070 1613 2124 1658 re-

1366 1688 1458 1765 ginae
1472 1689 1642 1765 gratulatio
1656 1697 1688 1752 et
1699 1689 1880 1752 exhortatio
1892 1697 1942 1752 etc
1968 1687 2037 1764 vl*,
2050 1688 2120 1752 444.

1405 1780 1668 1846 0084444444οΤ
1707 1785 1891 1848 monasterii
1934 1785 2123 1864 Praeposito

1366 1877 1576 1940 confirmatur
1607 1878 1716 1940 annuli
1750 1889 1782 1940 et
1814 1878 1983 1956 pectoralis
2016 1879 2124 1941 crucis

1369 1970 1575 2048 privilegium
1601 1969 1736 2042 vib-83.

1406 2061 1588 2126 dbhrontl
1612 2065 1726 2141 privati
1747 2067 1867 2127 erectio
1887 2072 2011 2126 444444
2033 2065 2124 2127 iuxta

1368 2157 1526 2220 Ecclesiae
1549 2157 1748 2234 disciplinam
1771 2158 1957 2220 decernitur
1977 2158 2025 2230 444,
2044 2157 2123 2234 436;

1368 2249 1509 2313 Facrultas
1531 2251 1609 2313 illud
1633 2252 1829 2314 concedendi
1846 2259 1906 2314 etc.
1924 2251 1971 2323 444,
1990 2251 2048 2315 704
2067 2250 2122 2332 (v.

1367 2345 1462 2407 etiam
1486 2344 1508 2415 4,
1533 2343 1616 2424 tos),

1407 2437 1588 2501 OllchllES
1601 2437 1724 2501 insulae
1740 2441 1943 2517 assignantur
1959 2443 2056 2502 tertio
2071 2438 2124 2500 vl·

1369 2533 1499 2596 cariatui
1522 2535 1579 2610 hp.
1604 2534 1732 2596 noviter
1755 2534 1786 2596 in
1810 2533 1912 2596 Scotia
1945 2535 2125 2598 constituto

1369 2625 1419 2698 lv,
1447 2624 1524 2702 6803
1548 2626 1688 2688 Eaedem
1717 2642 1751 2688 ac
1781 2625 2020 2688 Schetlandicae
2050 2627 2125 2688 red·

1369 2723 1490 2784 duntur
1513 2729 1573 2782 etc.
1599 2719 1671 2791 vl*,
1695 2720 1744 2782 34.

1407 2813 1585 2878 cnuthum
1601 2829 1658 2875 444
1674 2812 1972 2890 congregationum
1993 2811 2124 2890 religio·

1368 2925 1479 2972 sorum
1501 2915 1627 2979 statuta,
1653 2907 1820 2986 privilegia
1844 2913 1903 2970 etc.
1934 2922 1965 2967 r.
1987 2905 2126 2988 Regulo·

1368 3005 1467 3066 rium.

1408 3131 1446 3146 -
1468 3113 1633 3160 sacrorum
1654 3096 1814 3172 susceptio
1837 3101 1898 3156 etc.
1928 3110 1959 3156 r.
1988 3093 2125 3175 4444444·

1368 3193 1467 3262 rium,
1491 3190 1645 3254 Siclorum
1674 3196 1707 3251 et
1733 3190 1990 3266 unumquodque
2019 3188 2124 3252 colle·

1371 3301 1459 3362 grum
1483 3301 1531 3362 ap.
1738 3349 1741 3357 ,

1409 3376 1659 3443 ORlENThLES
1682 3377 1719 3438 ad
1737 3383 1842 3456 partes
1864 3391 2027 3440 accessum
2048 3379 2126 3442 reli·

1371 3475 1468 3552 glosis
1490 3473 1568 3534 viris
1585 3471 1810 3550 permittentes
1832 3471 2028 3533 innovantur
2049 3489 2127 3536 oon·

1370 3567 1566 3638 stitutiones‚
1590 3581 1671 3642 4444
1705 3573 1737 3627 44
1758 3566 1795 3628 44
1825 3565 1966 3628 vicarios
1994 3566 2054 3645 hp.
2078 3584 2129 3630 sa·

1371 3662 1583 3736 cerdotesque
1615 3659 1795 3722 saeculares
1824 3667 1857 3722 et
1884 3659 1979 3722 laicos
2013 3668 2131 3732 exten·

1371 3756 1492 3818 duntur
1519 3760 1580 3815 etc.
1605 3751 1627 3824 4,
1651 3753 1729 3828 4444
1751 3751 1993 3815 confirmantur
2014 3761 2048 3816 et
2069 3771 2130 3816 ex·

1371 3849 1550 3911 tenduntur
1573 3853 1632 3908 etc.
1661 3847 1846 3908 huiusmodi
1879 3847 2128 3912 constitutiones

1372 3942 1490 4005 Urbani
1519 3939 1609 4012 vlll.‚
1633 3941 1754 4003 adiecta
1778 3957 1878 4018 poena
1904 3944 2127 4005 excommuni-

1371 4035 1503 4099 cationis
1520 4035 1599 4097 latae
1618 4037 1797 4096 sententiae
1810 4033 1831 4105 l,
1842 4033 2127 4114 labb-Praecipltur

1372 4129 1534 4206 Episcopis
1558 4134 1589 4189 et
1612 4127 1816 4204 regularibus
1840 4128 1990 4190 omnibus
2023 4129 2124 4191 inrio-

1371 4222 1474 4284 labilis
1507 4221 1708 4283 observantia
1731 4237 1779 4298 ap.
1803 4223 2067 4284 constitutionum
2093 4232 2127 4286 et

1372 4317 1578 4378 decretorum
1603 4331 1629 4376 s.
1649 4314 1917 4392 congregationis
1938 4316 1970 4376 P.
1994 4316 2041 4388 E,
2064 4317 2126 4379 snb
2174 4305 2177 4316 '

1373 4409 1484 4488 poenis
1500 4409 1633 4471 arbitrio
1649 4415 1709 4470 etc.
1723 4407 1745 4479 l,
1759 4407 1832 4484 449;
1846 4408 2037 4471 Praellnitur
2053 4408 2126 4488 Epi-

1372 4518 1544 4582 scoporum
1561 4501 1791 4565 iurisdictionis
1814 4501 2005 4565 exercitium
2021 4503 2124 4580 quoad

1375 4595 1514 4658 vicarios
1530 4595 1587 4674 hp.
1605 4595 1627 4666 4,
1645 4595 1699 4657 444
1714 4618 1722 4671 ;
1738 4595 1902 4674 Episcopis
1924 4596 2057 4674 aliisque
2073 4597 2123 4659 de·

1373 4709 1438 4755 nuo
1471 4691 1692 4754 conceduntur
1727 4690 1892 4752 facultates
1924 4691 2127 4768 dispensandi

1373 4801 1446 4848 cum
1481 4783 1652 4862 neophytis
1685 4786 1717 4844 in
1748 4783 2033 4862 consanguinitatis
2062 4791 2123 4845 etc.

1375 4879 1525 4957 gradibus
1562 4885 1688 4956 praeter
1720 4877 1873 4954 primum,
1909 4885 1941 4938 et
1972 4885 2124 4939 sanantur

1374 4970 1577 5034 matrimonia
1600 4977 1660 5031 etc.
1690 4969 1739 5040 444,
1766 4967 1843 5045 44ος
1878 4969 2071 5048 hpprobatio
2094 4974 2127 5030 et

1373 5064 1574 5127 confirmatio
1613 5063 1814 5124 sanctionum
1847 5078 1905 5140 pro
1941 5063 2124 5140 linguarum

1374 5159 1487 5222 studiis
1503 5156 1553 5230 lv,
1571 5156 1628 5232 50;
1651 5155 1843 5219 Catechismi
1858 5157 2000 5218 editione
2014 5172 2126 5235 appro-

1374 5254 1454 5324 bata,
1472 5251 1717 5315 commendatur
1732 5249 1949 5314 Orientalibus
1971 5253 2076 5312 unitas
2092 5251 2126 5312 li-

1374 5349 1425 5410 dei
1447 5348 1516 5409 sine
1538 5345 1778 5408 institutionum
1802 5357 1835 5410 et
1856 5345 2125 5408 consuetudinum

1374 5443 1520 5505 locorum
1553 5441 1749 5503 detrimento
1779 5438 1830 5511 lv,
1854 5439 1930 5516 348;
1958 5439 2126 5517 beputatio

1375 5535 1465 5598 Sedis
1479 5535 1536 5613 hp.
1556 5534 1698 5611 bolegati
1715 5534 1751 5596 ad
1769 5533 1977 5596 ecclesiarum
1994 5533 2125 5610 negocia

1374 5631 1522 5692 obeunda
1545 5627 1582 5702 v,
1608 5627 1663 5703 77;
1686 5627 1956 5706 Nuntiaturquid
1977 5627 2125 5689 commis·

565 5725 700 5790 siensem
723 5726 908 5788 societatem
932 5727 1140 5788 instituturus
1164 5741 1262 5802 eques
1277 5725 1313 5788 c.
1345 5728 1347 5801 l
1374 5741 1444 5785 sum
1466 5723 1565 5785 444444
1583 5723 1739 5801 Episcopo
1758 5721 1883 5783 Sidensi
1902 5728 1976 5792 444.,
1995 5721 2046 5782 444
2062 5728 2126 5782 444-

565 5821 672 5883 4444444
688 5820 835 5882 44444444
851 5828 883 5881 44
898 5827 1051 5882 monetur
1067 5827 1127 5882 etc.
1147 5817 1197 5891 vl,
1213 5819 1263 5881 47.
1277 5849 1315 5864 -
1344 5812 1347 5909 Ι

566 5911 810 5978 Sandwicbianis
833 5915 865 5976 iu
888 5913 1013 5986 insulis,
1038 5914 1314 5976 missiouarinrum

565 6009 746 6072 Praefectus
769 6010 923 6071 edocetur
938 6009 976 6070 da
991 6007 1192 6073 iacultatibus
1209 6008 1315 6084 44444-

1375 5819 1426 5880 444
1447 5817 1646 5879 incumbitur
1662 5831 1721 5892 pro
1736 5815 1943 5877 ecclesiarum
1966 5813 2126 5890 regimine

1375 5910 1552 5973 ordinando
1575 5916 1635 5971 etc.
1660 5907 1710 5980 vl,
1735 5907 1791 5983 48;
1815 5906 2017 5969 Praesulibus
2045 5923 2126 5968 nun-

1373 6006 1473 6068 ciatur
1499 6003 1707 6084 04444444444
1727 6017 1785 6082 pro
1807 6001 1941 6079 negotiis
1960 6001 2125 6064 orientoli-
