4814 6998
830 561 1021 608 vuscvn'rbs
1042 561 1099 606 SEU
1122 563 1333 610 concnnbnvn

304 678 447 742 thedrale
462 679 643 760 Capitulum
660 682 697 743 ad
713 697 828 744 novam
846 681 1049 749 electionem,

304 783 459 852 utsupra,
478 775 625 836 canonica
650 775 802 838 methodo
825 776 927 838 valeat
943 791 1051 854 proce-

304 866 392 928 dere.

343 963 361 1036 ἓ
386 959 432 1022 id.
457 961 565 1024 Novus
589 963 763 1044 Episcopus
785 965 823 1028 ab
843 964 944 1026 altero
960 963 1052 1040 regni

304 1055 460 1134 Episcopo
475 1057 536 1118 iam
552 1066 749 1126 consecrato,
763 1067 858 1136 atque
871 1058 1051 1120 facultatem

304 1166 457 1228 expresse
472 1151 508 1211 ad
522 1151 550 1212 id
563 1152 601 1212 ab
615 1151 794 1230 Apostolica
807 1153 889 1216 Sede
903 1154 1051 1224 habente,

304 1244 526 1306 assistentibus
542 1245 666 1306 duobus
681 1243 749 1306 aliis
765 1245 928 1324 Episcopis
944 1247 979 1308 ad
995 1247 1053 1308 333

305 1339 435 1412 rogatis,
460 1343 502 1408 et,
530 1338 562 1398 in
587 1353 701 1400 eorum
728 1339 900 1410 deiectum,
928 1340 1054 1401 dnobus

307 1431 454 1507 praelatis
476 1431 706 1510 pontificalium
729 1449 823 1494 usum
849 1434 1052 1505 habentibus,

306 1523 370 1594 vel,
384 1524 433 1584 his
449 1539 579 1602 quoque
595 1527 828 1600 deficientibus,
843 1529 967 1590 duobus
985 1545 1054 1607 pre·

306 1618 444 1698 sbpteris
466 1636 483 1679 3
506 1621 598 1697 regni
622 1621 708 1684 clero
731 1622 762 1682 in
785 1624 995 1686 ecclesiastica
1011 1624 1055 1685 di-

308 1713 427 1788 gnitate
449 1709 641 1787 ctinstitutis,
669 1718 919 1779 consecrabitur.

347 1808 365 1880 ἓ
382 1805 429 1868 17.
447 1807 480 1868 13
493 1805 722 1886 Capitnlarium
737 1826 910 1874 numerum
927 1813 979 1874 alii
991 1829 1055 1874 non

308 1899 528 1974 admittentur,
559 1903 619 1964 nisi
642 1904 695 1980 qni
718 1905 903 1981 indigenatn
928 1913 960 1966 et
982 1921 1056 1984 qna—

307 1993 448 2056 litatibus
463 2012 479 2056 a
494 1997 590 2060 sacris
603 1998 778 2060 canonibus
793 2000 956 2076 requisitis
969 2017 1057 2078 prae-

307 2087 363 2149 diti
384 2089 459 2162 sint,
483 2091 612 2168 triginta
638 2092 750 2155 saltem
784 2109 941 2156 annornm
975 2101 1056 2156 aeta-

308 2191 372 2245 tem
396 2184 542 2256 habeant,
566 2187 651 2248 etin
680 2185 920 2265 presbyteratus
944 2188 1056 2250 ordine

1781 545 1839 610 297

1109 679 1162 742 Pio
1178 680 1242 743 1111.
1261 685 1507 760 praedecessore
1526 690 1636 746 nostro
1652 683 1853 758 designatum

1109 773 1224 847 luerat,
1250 783 1285 838 nt
1306 793 1444 852 regnum
1460 778 1565 856 ipsum
1581 777 1613 838 in
1629 777 1706 840 duas
1722 775 1854 838 omnino

1109 869 1272 932 dioeceses
1288 888 1303 931 a
1320 887 1415 932 cnrsu
1429 871 1569 933 fluminis
1582 869 1740 948 Visurgis,
1759 869 1859 947 vulgo

1109 962 1288 1024 «Weser»
1312 966 1496 1042 nuncupati,
1515 971 1675 1040 tamqnam
1696 964 1762 1026 snis
1777 963 1860 1026 limi-

1111 1057 1193 1118 tibus
1216 1065 1379 1137 separatus
1395 1059 1565 1130 dividatur,
1583 1058 1624 1120 ita
1644 1065 1681 1120 nt
1696 1058 1860 1136 paroeciae

1110 1150 1145 1210 ad
1169 1150 1334 1212 dexteram
1357 1152 1501 1212 eiusdem
1525 1151 1665 1214 huminis
1681 1159 1803 1230 partem
1820 1150 1860 1209 si·

1110 1251 1158 1304 tae
1182 1244 1319 1306 dioecesi
1351 1244 1588 1322 Eiidesimensi‚
1617 1244 1780 1322 paroeciae
1806 1260 1859 1304 au·

1111 1344 1175 1398 tem
1198 1339 1234 1399 ad
1262 1339 1423 1400 sinistram
1448 1337 1593 1416 Visurgis
1616 1339 1716 1416 ripam
1740 1338 1859 1416 positae

1111 1431 1246 1493 dioecesi
1258 1430 1496 1508 osnabrugensi
1508 1432 1860 1510 respectiveassignen-

1112 1531 1175 1596 tur,
1201 1533 1296 1602 prout
1316 1526 1475 1604 sequitur,
1499 1527 1662 1590 videlicet:

1152 1617 1240 1694 520.
1265 1619 1423 1682 Dioecesis
1445 1619 1685 1684 Hildesimensis
1715 1621 1861 1684 efforma-

1113 1711 1198 1773 bitnr
1213 1731 1228 1774 a
1245 1713 1455 1791 sequentibus
1471 1714 1701 1792 quinquaginta
1716 1713 1860 1792 quinque

1112 1800 1346 1886 parochialibus
1379 1811 1522 1873 ecclesiis
1554 1811 1589 1872 ad
1623 1812 1721 1890 ipsam
1755 1810 1860 1873 Hilde-

1112 1903 1287 1964 simensem
1317 1904 1487 1966 dioecesim
1517 1905 1577 1966 iam
1604 1903 1858 1982 pertinentibus,

1113 1996 1860 2076 nempeAchtnm,Adlnm,hhrbergen,Gross-

1113 2089 1346 2166 Algermissen,
1370 2079 1457 2164 3331,
1481 2091 1684 2164 Β333331331,
1707 2091 1859 2164 Bettmar,

1113 2184 1290 2258 Eiiderlah,
1315 2185 1497 2258 Bokenem,
1532 2185 1681 2258 Balaam,
1712 2186 1859 2256 Borsnm,

307 2277 371 2338 sint
392 2278 568 2350 constituti,
590 2279 711 2356 quique
733 2281 764 2340 in
788 2281 1056 2343 exercendarum
1113 2279 1269 2352 liettlnrt,
1303 2279 1479 2358 bingelbe,
1518 2279 1666 2351 binstar,
1701 2279 1859 2352 Dorstadt,

307 2372 484 2434 animarum
515 2373 568 2434 vel
596 2373 628 2434 in
651 2373 712 2435 alio
735 2373 884 2437 obeundo
913 2375 1056 2438 ecclesia·
1113 2373 1380 2452 dress-bungart,
1417 2373 1611 2446 Emmerke,
1644 2374 1757 2446 Gross,
1791 2374 1860 2436 Gie-

307 2466 385 2528 stico
415 2467 594 2530 ministerio
622 2467 674 2528 vel
699 2468 888 2546 professoris
919 2485 1055 2532 munere
1112 2483 1182 2540 sen,
1206 2467 1367 2537 Grasdorl,
1391 2467 1553 2539 Granholl,
1577 2467 1715 2540 Gronau,
1739 2467 1859 2539 Goslar,

307 2558 340 2620 in
369 2562 542 2623 seminario
569 2561 739 2640 episcopali
771 2563 958 2640 corispicuos
985 2580 1055 2626 sese
1083 2634 1085 2643 Ι
1112 2561 1269 2634 Harsum,
1302 2561 1435 2636 Heinig,
1470 2561 1620 2622 ecclesiae
1652 2561 1859 2632 cathedralis,

309 2652 517 2714 reddiderint.
1083 2666 1085 2751 1
1113 2655 1145 2716 S.
1162 2655 1352 2724 Godehardi,
1370 2653 1402 2716 S.
1421 2653 1633 2730 liagdalenae,
1651 2652 1768 2716 ssmae
1783 2654 1861 2718 (133-
1937 2689 1940 2696 ·

347 2747 366 2821 ξ
390 2745 437 2808 18.
459 2746 731 2825 Quotiescumque
764 2765 842 2812 vern
868 2751 1053 2824 decanatus,
1083 2758 1085 2817 1
1113 2750 1156 2812 313
1179 2749 1212 2810 13
1235 2748 1360 2810 civitate
1390 2747 1588 2808 Hildesheim
1618 2749 1707 2819 sitae,
1735 2747 1861 2814 Henne-

307 2849 361 2902 aut
382 2842 596 2912 canonicatus,
619 2842 672 2905 vel
695 2843 874 2915 3133313133,
899 2845 931 2908 13
952 2847 1055 2907 33133-
1083 2826 1086 2941 l
1113 2842 1288 2912 okenrode,
1323 2841 1568 2912 Himmelsthiir,
1603 2841 1858 2915 Hebenhameln,

309 2935 450 2997 dralibus
472 2936 643 3008 vacaverit,
674 2937 849 3016 Episcopus
878 2947 910 3000 et
931 2938 1056 3018 Capitu-
1113 2936 1340 3007 Hunnesriick,
1358 2935 1472 3006 ltznm,
1489 2935 1710 3013 lamspringa,
1728 2935 1860 3000 313333-

309 3023 375 3092 lum
398 3029 530 3091 alternis
552 3030 676 3092 vicibus
698 3032 780 3093 intra
802 3048 858 3092 ser
884 3033 1056 3096 hebdoma-
1114 3031 1207 3107 burg,
1224 3030 1435 3102 blarienrode,
1453 3029 1659 3106 Moritzberg,
1673 3027 1860 3107 Ottbergen,

308 3123 399 3184 dasa
432 3123 483 3184 die
514 3123 685 3184 vacationis
716 3133 898 3202 proponent
919 3134 1056 3202 quatuor
1112 3123 1220 3194 Peme,
1245 3124 1471 3202 Poppenburg,
1506 3121 1711 3200 llingelhein,
1743 3123 1859 3196 lluthe,

306 3217 487 3278 candidatos
507 3232 602 3294 supra
618 3218 790 3280 enuntiatis
807 3219 966 3296 praeditos
982 3235 1056 3296 qua·
1114 3215 1284 3288 Schladen,
1299 3215 1860 3288 831133,83333833333383313333,

307 3309 460 3372 litatibus.
483 3309 571 3384 Quod
595 3313 620 3372 si
649 3311 732 3376 lerte
763 3312 877 3389 aliquis
908 3329 947 3375 ex
980 3315 1055 3391 ipsis
1114 3309 1330 3384 Steinbrnch,
1368 3309 1859 3388 vienanbnrg,·dr0ss-verstc,

309 3404 480 3466 candidatis
504 3403 663 3481 gubernio
678 3405 800 3467 invisus
819 3414 873 3468 aut
888 3414 1055 3486 suspectus

308 3499 357 3568 sit,
382 3497 412 3560 id
436 3500 673 3576 quamprimum
698 3499 853 3579 Episcopo
876 3502 1055 3580 respective

309 3597 362 3652 aut
382 3590 527 3669 capitulo
552 3592 684 3655 iudicari
707 3594 839 3671 poterit,
870 3601 906 3654 nt
935 3610 1056 3673 expun-

308 3692 417 3762 gatur:
444 3692 520 3748 tnnc
541 3692 647 3748 antem
671 3687 845 3766 Episcopus
863 3687 899 3750 ad
916 3688 1055 3751 collatio-

310 3795 386 3842 nem
408 3781 589 3852 decanatns,
613 3781 829 3852 canonicatus,
854 3791 908 3844 aut
927 3783 1056 3846 vicaria-

309 3881 370 3944 tus,
390 3874 443 3936 vel
466 3874 645 3953 respective
661 3873 854 3954 Capitulum,
878 3876 960 3938 intra
982 3891 1056 3954 qna-

310 3973 381 4029 1333
415 3967 628 4030 hebdomadas
661 3969 813 4047 procedet
843 3969 879 4032 ad
914 3973 1056 4033 nomina-

308 4062 429 4123 tionem
453 4061 548 4124 nnius
570 4079 610 4124 ex
633 4063 779 4140 personis
801 4063 961 4139 gubernio
992 4082 1056 4127 non

308 4154 431 4226 invisis,
455 4170 514 4217 333
536 4158 703 4234 suspectis,
728 4160 778 4220 cui
804 4157 978 4236 Episcopus
1011 4177 1043 4222 ca

310 4247 456 4312 noricam
478 4248 564 4311 dabit
585 4249 833 4314 institutionem.

348 4343 366 4416 5
391 4341 437 4403 19.
463 4342 509 4404 hd
532 4358 648 4406 novam
672 4361 758 4408 nunc
779 4348 983 4422 procedendo
998 4349 1057 4410 cir-

308 4437 589 4515 cumscriptionem
628 4437 822 4501 dioecesium
859 4441 1057 4518 episcopatus

308 4527 559 4600 ilildesimensis,
577 4531 631 4607 qni
647 4539 717 4594 actu
732 4549 748 4593 a
763 4533 941 4595 venerabili
959 4533 1057 4596 133133

307 4623 474 4686 Francisco
495 4625 606 4700 Egone
629 4645 644 4686 a
666 4625 885 4703 Fiirstenberg
901 4629 1057 4690 moderno

308 4717 377 4779 eius
406 4717 562 4797 Episcopo
596 4719 806 4796 gubernatur,
840 4729 872 4782 et
899 4719 1058 4783 tlsnabrn-

309 4813 427 4888 gensis,
451 4812 518 4888 qui,
541 4828 600 4874 sno
622 4831 638 4872 a
670 4813 815 4890 pluribus
846 4815 936 4876 annis
969 4816 1058 4876 orba-

308 4909 360 4966 tus
382 4904 521 4977 Pastore,
539 4924 555 4967 a
570 4913 845 4984 supramemorato
860 4906 974 4970 033313
987 4909 1058 4986 Epi-

309 5013 405 5076 scopo
427 4997 556 5060 Pacensi
576 5015 610 5059 33
633 4999 777 5060 eiusdem
802 4997 1057 5076 Osnabrngensis

310 5089 461 5153 ecclesiae
479 5089 686 5168 Suffraganeo
709 5107 782 5153 cnm
805 5092 983 5170 apostolicis
998 5093 1057 5155 sibi

310 5183 464 5262 delegatis
480 5184 681 5247 facultatibus
697 5185 947 5258 administratur,
970 5202 1057 5264 prae-

309 5279 359 5338 via
388 5277 684 5350 dismembratione,
715 5279 914 5358 separatione
945 5297 977 5340 ac
1000 5280 1058 5342 im-

310 5374 487 5435 mutatione
509 5389 524 5433 3
546 5387 829 5451 quorumcumque
847 5375 1058 5452 Metropolita-

309 5481 438 5538 norum,
456 5467 699 5546 Episcoporum,
722 5484 780 5530 seu
802 5467 1056 5540 Ordinariorum,

309 5577 343 5623 ao
355 5557 554 5623 Vicariorum
566 5561 814 5639 apostolicorum
827 5561 1056 5634 iurisdictione,

310 5654 534 5731 superioritate
552 5673 586 5716 ac
602 5662 770 5732 potestate,
788 5655 932 5718 nmmum
948 5664 981 5716 et
996 5655 1058 5718 sin-

1113 3405 1280 3478 Westleld,
1295 3401 1473 3480 Wiedelah‚
1487 3406 1720 3484 Winzenburg,
1735 3405 1861 3477 Wdhle,

1112 3499 1351 3577 woldenberg3
1374 3507 1469 3578 atque
1490 3500 1623 3578 insuper
1644 3518 1660 3562 a
1681 3499 1795 3578 viginti
1812 3516 1863 3578 pa-

1113 3593 1307 3655 rochialibus
1337 3611 1370 3656 33
1400 3595 1553 3658 tredecim
1585 3595 1702 3658 curatis
1728 3585 1863 3658 ¹succur-

1113 3688 1230 3751 salibns
1252 3689 1442 3764 nuncupatis
1465 3687 1606 3750 ecclesiis
1639 3688 1672 3750 in
1700 3689 1863 3766 provincia

1112 3781 1324 3846 Eichsleldiae
1347 3781 1457 3858 positis
1480 3789 1512 3842 et
1532 3782 1680 3860 antiquae
1702 3789 1863 3862 metropo-

1113 3877 1228 3938 litanae
1253 3875 1406 3938 ecclesiae
1429 3875 1637 3952 moguntinae
1659 3891 1716 3938 sen
1732 3875 1864 3938 ratisbo-

1113 3971 1206 4033 nensi
1229 3971 1305 4032 olim
1329 3971 1490 4042 subiectis,
1515 3971 1650 4046 quaein
1673 3971 1864 4048 praesentia-

1113 4081 1186 4126 rnm
1209 4083 1224 4126 a
1246 4064 1424 4127 venerabili
1446 4063 1545 4126 fratre
1567 4062 1681 4126 Carolo
1702 4063 1864 4126 Priderico

1114 4161 1153 4222 de
1167 4160 1286 4224 Wendt
1300 4161 1456 4237 Episcopo
1472 4157 1728 4237 Basinopolitano
1744 4157 1777 4220 in
1795 4173 1863 4236 par-

1114 4255 1198 4317 tibus
1213 4253 1394 4316 infidelium
1417 4270 1451 4314 ac
1473 4251 1686 4314 hildemensis
1702 4251 1861 4316 Ecclesiae

1116 4347 1324 4424 suffraganeo
1351 4345 1398 4408 uti
1431 4345 1548 4408 vicario
1570 4344 1743 4421 apostolico
1765 4345 1863 4407 admi·

1115 4442 1303 4510 nistrantur,
1327 4439 1479 4502 videlicet
1500 4438 1642 4516 paroecia
1659 4438 1861 4509 Dnderstadt,

1115 4552 1186 4598 cum
1221 4534 1321 4594 tribus
1353 4530 1588 4594 succursalibns
1621 4531 1766 4594 ecclesiis
1787 4531 1864 4594 Ger-

1115 4629 1317 4704 blingerode,
1345 4625 1581 4702 Pissiingerode
1610 4633 1643 4688 et
1673 4625 1863 4688 Westerode

1115 4721 1315 4798 nuncupatis,
1339 4737 1373 4782 ac
1396 4721 1549 4798 paroeciis
1565 4719 1788 4797 Breitenberg,
1805 4719 1863 4780 De·

1114 4815 1284 4892 singerode
1313 4831 1385 4876 cnm
1410 4814 1531 4875 duabus
1560 4813 1795 4876 succursalibns
1814 4828 1863 4874 33-

1116 4909 1218 4970 3133113
1247 4908 1469 4970 Werxhausen
1496 4916 1528 4970 et
1552 4906 1785 4986 Esplingerode
1811 4906 1863 4968 de·
1898 4895 1903 4904 '

1115 5003 1296 5074 nominatis,
1310 5019 1437 5064 necnon
1447 5003 1600 5079 paroeciis
1612 5000 1862 5078 immingerode,

1115 5094 1361 5167 Nesselroeden,
1375 5093 1564 5172 Seulingen,
1580 5094 1738 5171 Seebnrg,
1749 5094 1863 5156 Berus-

1117 5189 1236 5250 hansen
1269 5204 1341 5251 cum
1372 5187 1544 5250 succursali
1576 5187 1861 5259 Germershansen,
1912 5191 1916 5202 '

1115 5290 1209 5360 atque
1232 5282 1385 5360 paroeciis
1408 5280 1540 5354 Lindau,
1564 5281 1762 5352 Bilshausen,
1786 5281 1861 5344 Gre-

1116 5377 1196 5438 beck
1218 5393 1291 5438 cum
1314 5375 1486 5438 succursali
1510 5375 1684 5446 bodensee,
1709 5381 1741 5436 et
1772 5391 1864 5453 paro·

1115 5470 1269 5532 chialibns
1290 5469 1431 5533 ecclesiis
1448 5469 1774 5540 Wolbrandshansen,
1791 5468 1862 5532 Gie-

1116 5563 1344 5636 boldehansen,
1369 5563 1579 5634 Rolshansen,
1597 5561 1859 5634 budenshausen,

1115 5657 1354 5735 Rhnmspringe
1377 5673 1448 5720 cum
1471 5655 1644 5720 succursali
1669 5653 1863 5730 Hilkerode;

168 5771 176 5788 ·
223 5791 228 5802 .
311 5747 461 5824 gularnm
490 5749 665 5822 civitatum,
699 5756 858 5812 terrarum
888 5767 921 5811 33
949 5766 1059 5828 paroe-
1086 5776 1088 5847 q
1116 5771 1131 5812 a
1155 5753 1297 5830 paroecia
1312 5767 1441 5828 quoqne
1463 5749 1630 5814 Puhrbach
1654 5765 1728 5812 cum
1744 5749 1865 5811 duabus

310 5841 429 5903 ciarum
453 5843 536 5904 intra
558 5844 651 5920 regni
672 5842 908 5906 Hannoveriani
941 5845 1059 5906 limites
1086 5870 1088 5967 4

1115 5845 1348 5908 3333333311333
1371 5845 1608 5923 Langenhagen
1624 5851 1657 5907 et
1671 5842 1868 5906 Brochthan·

315 5937 642 6014 comprehensarum,
673 5939 897 6024 decernimus,
925 5947 1020 6018 prout
1044 5957 1060 5999 a
1086 5976 1089 5998 .
1118 5955 1188 6011 333,
1203 5955 1327 6002 333333
1344 5957 1360 6000 3
1375 5938 1518 6017 paroecia
1539 5935 1688 6002 Oberleld
1709 5951 1781 5998 cnm
1798 5952 1866 5998 suc-

418 6088 475 6130 lttr.
492 6089 568 6129 Pont.
584 6089 616 6128 de
631 6089 711 6138 prop.
726 6088 788 6129 dide
802 6084 889 6130 Partis
903 6087 921 6128 1.
937 6085 990 6129 l'ol.
1007 6087 1056 6128 t'll.

1735 6087 1760 6128 33
