4814 6998
850 569 1040 616 TRAGTATUS
1061 567 1118 613 SEU
1140 569 1354 616 concubuerit

324 690 367 752 Ea
383 691 500 763 omnia,
517 707 599 768 quae
614 692 651 754 ad
673 692 864 754 eurumdem
886 686 1071 752 seminario-

324 800 398 846 rum
424 785 584 862 regimen,
610 785 856 858 ordinationem,
881 783 1070 854 doctrinam,

325 877 594 954 gubernationem
608 885 640 940 et
652 879 963 941 administrationem
975 877 1072 954 perti-

323 978 413 1043 nent,
430 989 446 1032 a
461 972 650 1034 dioecesano
662 972 813 1034 101011ιο
824 972 917 1035 00100
930 971 1072 1049 pendere

322 1063 453 1136 debent,
470 1065 522 1141 qui
546 1081 638 1128 suam
660 1065 794 1128 liberam
811 1066 1004 1144 plenamque
1019 1078 1072 1124 au·

322 1157 502 1219 cleritatem
527 1158 628 1219 etius
651 1159 683 1219 in
707 1175 741 1220 00
764 1158 937 1222 exercebit.
961 1158 1072 1220 ilecto-

322 1267 374 1311 res
397 1266 527 1328 quoque
549 1259 582 1314 et
604 1251 801 1330 professores
824 1252 1071 1316 seminariorum

322 1344 360 1405 ab
373 1344 535 1422 Episcopis
550 1345 652 1407 libere
670 1347 933 1419 nominabuntur,
948 1353 980 1408 et
994 1361 1072 1422 quo-

324 1438 524 1515 tiescumque
539 1441 757 1502 necessarium
773 1442 825 1503 vel
842 1439 920 1504 utile
935 1441 973 1502 ab
996 1441 1071 1518 ipsis

322 1531 525 1604 iudicabitur,
549 1534 819 1596 removebuntur.

361 1624 453 1699 §ll
479 1624 559 1687 ltern
591 1627 624 1690 in
657 1628 793 1705 singulis
825 1629 1024 1692 dioecesibus
1055 1647 1071 1690 a

322 1719 459 1796 propriis
485 1715 661 1782 Ordinariis
690 1737 793 1784 00000
820 1724 987 1798 erigentur
1020 1738 1070 1798 pa·

322 1812 456 1882 roeciae,
490 1828 563 1874 cum
596 1814 626 1876 id
659 1815 803 1901 bdelium
836 1816 1008 1878 necessitas
1040 1823 1072 1876 et

322 1905 441 1966 utilitas
468 1907 623 1982 requirat,
655 1915 749 1986 atque
778 1909 811 1971 in
834 1909 891 1973 bac
916 1924 952 1970 re
977 1909 1071 1986 perii·

322 1999 431 2060 cienda
450 2014 523 2070 curn
538 1998 702 2064 Guberuio
718 2010 814 2065 erunt
836 2002 975 2066 ineunda
998 2018 1071 2064 000-

321 2092 400 2164 01110,
424 2091 478 2154 ubi
501 2099 533 2154 et
561 2094 688 2170 quoties
716 2087 860 2156 civilium
889 2111 999 2158 rerum
1023 2111 1071 2156 ra-

323 2184 424 2246 tiones
447 2183 511 2248 0101
532 2185 758 2248 conciliandae.

360 2277 449 2351 512.
474 2277 555 2340 Sede
586 2287 728 2352 vacante,
757 2281 942 2359 episcopalis
972 2280 1071 2342 eccle-

321 2371 385 2432 siae
406 2369 587 2448 Capitulum
610 2373 691 2436 inira
715 2380 842 2452 tempus
865 2373 1069 2451 praefinitum

322 2471 355 2527 et
375 2465 410 2526 ad
428 2479 575 2528 normam
598 2482 723 2538 eorum,
741 2482 822 2543 quae
844 2485 860 2528 a
879 2465 1071 2528 80000100-

321 2557 394 2620 cilio
416 2558 604 2621 Tridentino
627 2559 659 2620 10
681 2577 751 2622 rem
774 2561 901 2623 decreta
922 2560 1070 2630 0001,οἰ-

320 2653 440 2716 carium
474 2651 680 2729 capitularem
712 2653 812 2714 libere
846 2653 958 2729 eliget,
992 2653 1070 2728 0010

320 2746 512 2808 electionem
548 2747 649 2808 semel
686 2745 797 2808 factam
834 2761 987 2808 revocare
1019 2745 1070 2807 vel

320 2840 356 2901 ad
379 2853 494 2900 novam
512 2839 686 2917 procedere
708 2841 818 2918 possit,
840 2839 982 2917 qualibet
996 2855 1069 2900 000-

319 2932 491 2994 suetudine
521 2933 560 2993 de
593 2932 698 2994 medio
727 2932 849 2994 sublata
880 2949 914 2994 ac
943 2933 1069 3009 penitus

319 3025 446 3096 abolita,
464 3039 545 3102 quae
560 3025 592 3086 in
610 3025 666 3086 bac
681 3041 716 3086 re
730 3040 894 3096 sacrorum
911 3041 1069 3087 canonum

319 3117 537 3180 sanctionibus
565 3109 679 3194 quovis
709 3118 840 3180 numine
868 3120 1068 3181 adversetur.

359 3216 378 3288 ς
401 3213 448 3275 lt.
472 3211 590 3274 Causae
606 3227 719 3274 omnes
734 3213 843 3283 tidem,
860 3220 1067 3283 sacramenta,

319 3323 422 3368 sacras
451 3306 632 3368 functiones
660 3307 784 3384 aliaque
810 3308 910 3369 011010
940 3313 971 3368 01
1001 3308 1070 3369 1000

319 3417 410 3462 00000
433 3400 613 3462 ministeriu
634 3401 756 3463 adnexa
786 3401 1013 3479 respicientes,
1038 3408 1071 3462 01

320 3493 498 3571 generatim
519 3511 630 3557 causae
646 3511 759 3556 omnes
774 3493 1015 3566 ecclesiasticae,
1032 3495 1068 3556 ad

320 3589 473 3652 iudicium
496 3587 727 3651 ecclesiasticae
757 3589 952 3650 auctoritatis
975 3589 1069 3650 unice

321 3684 484 3762 pertinent
505 3683 592 3744 iuxta
621 3699 784 3745 sacrorum
816 3697 973 3744 canonum
996 3698 1069 3743 nor·

321 3793 417 3840 mam.

358 3871 447 3947 §lta
478 3872 675 3950 Temporum
707 3873 829 3932 ratione
854 3870 968 3940 babila,
995 3868 1070 3930 Sau-

318 3966 408 4026 ctitas
440 3966 502 4025 Sua
534 3964 709 4036 consentit,
744 3972 780 4026 ut
812 3979 923 4025 000000
956 3962 1066 4024 0101100

318 4058 510 4121 clericorum
532 4059 568 4120 ad
598 4058 693 4120 laicos
722 4057 842 4119 iudices
873 4055 1067 4124 referantur,

319 4153 387 4214 sive
420 4153 605 4230 personales
634 4153 708 4222 sint,
740 4151 808 4212 sive
841 4150 953 4221 reales,
985 4163 1065 4226 quae

319 4245 440 4306 scilicet
469 4245 685 4322 possessiones
714 4251 808 4321 alque
831 4243 889 4304 alia
913 4249 1069 4319 tempora-

319 4339 358 4400 lia
371 4339 576 4410 clericorum,
590 4337 810 4407 ecclesiarum,
822 4335 1066 4405 beneficiorum,

318 4431 518 4510 aliarumque
537 4432 820 4494 ecclesiasticarum
844 4429 1068 4491 fundationum

319 4527 388 4588 iura
410 4526 592 4604 respiciant.

358 4623 377 4694 ὃ
406 4619 452 4682 lb.
483 4619 602 4680 Eadem
634 4619 673 4680 de
702 4634 793 4680 00000
826 4617 936 4679 Sancta
970 4617 1068 4679 Sedes

321 4715 402 4775 baud
425 4714 560 4791 impedit
586 4713 760 4790 quominus
783 4729 893 4774 causae
924 4710 1069 4778 crimina-

320 4807 366 4869 les
398 4807 686 4870 ecclesiasticorum
720 4823 777 4884 pro
810 4806 953 4876 10110110,
988 4821 1069 4882 0000

320 4899 540 4963 criminalibus
562 4899 757 4978 reipublicae
772 4899 905 4976 ,legibus
930 4899 1069 4960 animad-

322 5001 515 5068 vertuntur,
547 5009 693 5071 quaeque
722 4995 758 5056 ad
781 4994 974 5070 religionem
1005 5008 1069 5054 000

320 5091 494 5168 pertinent,
524 5090 561 5151 ad
594 5089 748 5150 laicorum
783 5088 951 5151 tribunalia
984 5087 1069 5150 deie-

319 5191 442 5244 rantuv.
465 5182 547 5244 Cum
573 5197 652 5244 veru
673 5181 779 5257 agitur
808 5183 847 5242 de
873 5181 996 5244 iudiciis
1021 5198 1069 5243 se-

318 5276 440 5338 cundae
462 5283 494 5338 et
515 5276 646 5338 ultimae
668 5276 846 5348 instantiae,
863 5277 897 5337 in
919 5275 999 5338 illud
1017 5277 1069 5337 tri-

318 5370 415 5432 bunal
438 5370 522 5432 inter
544 5370 664 5432 iudices
686 5369 782 5430 etiam
805 5371 868 5432 100
890 5370 1003 5432 saltem
1021 5387 1069 5432 ec-

320 5463 487 5525 clesiastici
508 5463 581 5535 viri,
605 5479 685 5540 quos
706 5462 892 5526 Ordinarius
913 5465 1067 5536 nominat,

319 5563 416 5618 erunt
445 5557 577 5618 omuino
608 5557 807 5620 admittendi.
842 5558 923 5621 llaec
955 5559 1068 5620 iudicia

320 5651 453 5712 minime
470 5650 593 5727 publica
612 5659 719 5722 eruut,
737 5659 770 5714 et
785 5652 982 5730 respectivae
997 5668 1069 5714 sen-

320 5745 436 5806 tentiae
459 5760 594 5822 poenam
616 5745 736 5822 capitis,
755 5761 811 5806 000
835 5761 971 5822 poenam
993 5745 1066 5807 alili-

318 5837 445 5907 ctivam,
472 5845 527 5898 aut
553 5835 715 5898 iniamiam
748 5837 943 5909 intercutes,
975 5855 1066 5900 num-

317 5945 412 6007 quam
429 5938 525 5992 erunt
546 5931 754 6008 exequendae
773 5931 893 6010 absque
915 5949 1064 6011 suprema

1803 551 1863 614 tltl

1128 687 1284 750 Praesidis
1301 687 1504 766 Reipublicae
1522 686 1762 766 approbatione,
1782 692 1814 746 et
1828 701 1880 746 an-

1130 787 1258 858 tequam
1297 781 1446 860 proprius
1481 781 1637 858 cuiusque
1676 780 1881 843 ecclesiastici

1129 875 1192 934 viri
1213 875 1388 953 Episcopus
1418 891 1452 936 en
1474 874 1666 945 absolverit,
1691 889 1772 950 quae
1801 873 1880 934 sacri

1128 985 1265 1032 canones
1288 969 1520 1046 praescribunt.
1540 968 1575 1030 ln
1598 966 1879 1046 deprehendendis

1128 1075 1161 1126 et
1183 1062 1363 1124 detinendis
1385 1063 1604 1126 ecclesiasticis
1627 1061 1648 1122 ii
1672 1067 1769 1122 erunt
1790 1060 1880 1122 adbi-

1129 1155 1225 1218 10011
1248 1157 1345 1228 modi,
1363 1171 1442 1232 quus
1466 1154 1647 1218 reverentia
1669 1160 1768 1216 010100
1789 1153 1881 1216 cleri-

1130 1248 1203 1310 calis
1226 1249 1337 1326 erigit,
1362 1256 1488 1311 etcum
1510 1247 1624 1325 aliquis
1647 1246 1881 1310 ecclesiasticus

1130 1343 1179 1403 vir
1207 1343 1306 1406 tuerit
1337 1343 1568 1422 deprehensus,
1597 1341 1684 1404 nulla
1713 1340 1881 1404 interiecta

1130 1452 1230 1508 mora,
1254 1437 1429 1516 Episcopus
1458 1438 1498 1500 de
1521 1436 1577 1498 hac
1600 1450 1635 1496 re
1657 1434 1719 1496 erit
1746 1449 1880 1496 monen-

1129 1531 1204 1591 dus:
1230 1531 1262 1593 in
1285 1531 1381 1592 buius
1403 1529 1528 1592 articuli
1552 1527 1760 1606 dispositione
1783 1527 1878 1606 plene

1129 1624 1346 1687 excluduntur
1372 1639 1484 1686 causae
1513 1622 1660 1693 maiores,
1689 1636 1770 1699 quae
1797 1621 1879 1700 Apo-

1127 1717 1256 1786 stolicae
1273 1717 1346 1780 Sedi
1370 1725 1551 1780 reservatae
1574 1721 1659 1788 sunt,
1684 1716 1772 1800 iuxta
1792 1713 1878 1778 Sacri

1126 1811 1259 1874 Concilii
1282 1812 1460 1874 Tridentini
1485 1809 1689 1889 praescripta,
1714 1807 1794 1872 Sese.
1816 1811 1874 1872 24.
1968 1893 1970 1898 Ι

1128 1904 1171 1966 Dc
1193 1904 1332 1984 Reform.
1361 1903 1435 1985 Cup.
1464 1903 1495 1965 V.
1524 1951 1526 1958 .

1167 2000 1186 2073 ἓ
1209 1998 1256 2060 11.
1280 1995 1535 2060 1000001100011
1555 1995 1648 2058 liberi
1665 1997 1797 2060 omnino
1814 1998 1879 2062 sint

1126 2091 1158 2152 in
1176 2093 1305 2171 propriu
1323 2093 1502 2154 ministerio
1517 2091 1711 2164 exercendo,
1725 2098 1879 2168 poterunt

1128 2185 1213 2247 iuxta
1241 2186 1405 2261 vigentem
1434 2191 1466 2246 et
1491 2183 1697 2263 approbatam
1718 2183 1877 2247 Ecclesiae

1127 2279 1324 2355 disciplinam
1357 2278 1430 2340 illos
1462 2292 1613 2338 coercere
1649 2276 1879 2341 ecclesiasticos

1127 2373 1214 2434 viros
1236 2373 1291 2449 qui
1313 2389 1329 2434 a
1353 2371 1472 2449 proprii
1504 2369 1648 2432 muneris
1671 2369 1782 2432 ciliciis
1809 2379 1877 2433 eta

1127 2473 1212 2528 00010
1235 2465 1365 2527 0100011
1388 2465 1512 2526 0011000
1534 2463 1719 2526 101001001.
1778 2515 1781 2520 .

1167 2561 1185 2634 ἓ
1210 2558 1256 2620 ll.
1280 2558 1421 2620 Ecclesia
1443 2558 1514 2620 iure
1536 2556 1637 2635 pollet
1652 2571 1751 2618 novas
1773 2557 1877 2634 acqui·

1127 2652 1218 2714 rendi
1253 2652 1471 2730 possessiones
1503 2649 1618 2728 000010
1653 2650 1738 2711 10010
1770 2650 1876 2723 111010,
1981 2652 1982 2655 ’

1128 2748 1261 2823 0100000
1297 2746 1467 2822 0000101100
1500 2760 1552 2806 000
1586 2750 1640 2804 001
1675 2742 1878 2808 fundationes

1127 2847 1223 2902 erunt
1237 2855 1342 2900 000000
1358 2847 1391 2900 01
1410 2837 1622 2910 inviolabiles,
1640 2851 1741 2914 aeque
1757 2854 1791 2900 ac
1807 2853 1879 2916 pro·

1127 2935 1278 3012 prietates
1300 2933 1437 2994 aliorum
1457 2932 1577 2994 civium
1592 2929 1873 3006 100100100001000,

1126 3029 1264 3106 1100000
1282 3027 1368 3089 00110
1379 3026 1605 3090 fundationum
1620 3027 1805 3105 suppressio
1821 3026 1874 3090 vel

1126 3123 1288 3184 00101001
1306 3127 1410 3202 potest
1424 3120 1544 3197 absque
1566 3120 1753 3182 interventu
1770 3126 1876 3182 auctu·

1126 3217 1227 3278 vitatis
1250 3214 1449 3294 1000101000
1473 3212 1582 3286 Sedis,
1606 3213 1701 3275 salvis
1723 3213 1877 3278 100011011-

1126 3312 1185 3392 bus
1206 3312 1456 3388 Episcoporum,
1480 3307 1568 3368 iuxta
1589 3306 1723 3369 concilii
1745 3305 1878 3369 Triden-

1127 3404 1184 3468 tini
1207 3419 1365 3466 normam.
1961 3479 1965 3486 Ι

1166 3500 1184 3573 g
1208 3497 1255 3558 18.
1279 3495 1324 3560 01
1340 3511 1453 3558 rerum
1468 3501 1501 3556 et
1516 3501 1701 3571 temporum
1716 3493 1875 3567 adiuncta,

1127 3592 1238 3654 Sancta
1261 3589 1358 3652 Sedes
1374 3589 1543 3659 consentit,
1560 3595 1597 3649 ut
1618 3586 1710 3649 10011
1726 3594 1757 3649 01
1777 3587 1877 3650 eccle-

1126 3687 1248 3748 siastica
1271 3686 1352 3746 bona
1380 3681 1516 3760 publicis
1545 3681 1755 3742 subiiciuntur
1779 3680 1878 3742 vecti-

1127 3779 1262 3856 galibus,
1280 3792 1381 3853 aeque
1403 3793 1437 3837 ac
1452 3776 1589 3838 aliorum
1605 3773 1874 3837 Costaricensium

1125 3873 1242 3934 civium
1265 3873 1357 3940 bona,
1375 3869 1516 3947 exceptis
1533 3875 1639 3930 tamen
1661 3867 1804 3932 ecclesiis
1819 3883 1876 3929 000

1125 3968 1221 4028 sacris
1243 3966 1374 4028 aedibus
1398 3963 1507 4025 divino
1529 3962 1629 4024 cultui
1654 3962 1774 4024 dicatis.

1164 4059 1252 4135 519.
1277 4059 1405 4120 1110010
1433 4057 1582 4130 011111010,
1610 4071 1692 4133 0000
1721 4072 1762 4117 ex
1786 4071 1874 4134 prae·

1124 4155 1207 4216 0001
1230 4151 1445 4215 00000011000
1478 4151 1509 4211 10
1533 4149 1720 4212 catholicam
1746 4149 1877 4226 religio·
1955 4221 1957 4224 ¹

1127 4263 1201 4309 nem
1231 4254 1355 4316 manat,
1380 4243 1534 4322 Sanctitas
1564 4243 1625 4306 Sua
1647 4241 1875 4304 Gustaricensis

1125 4340 1329 4420 Reipublicae
1352 4338 1507 4400 Praesidis
1535 4337 1801 4416 postulationibus
1824 4354 1876 4398 an-

1126 4451 1239 4506 nueus,
1257 4441 1289 4495 et
1304 4433 1448 4511 publicae
1465 4431 1687 4508 tranquillitati
1706 4430 1876 4493 consulere

1125 4530 1267 4607 cupiens,
1284 4527 1430 4588 decernit
1445 4535 1476 4587 01
1492 4525 1640 4597 declarat,
1658 4541 1712 4586 000
1735 4525 1802 4602 001,
1820 4525 1876 4588 du·

1125 4628 1214 4682 00010
1236 4620 1483 4698 praeteritarum
1506 4618 1764 4680 vicissitudinum
1796 4627 1874 4681 tem-

1126 4731 1204 4793 pure
1226 4715 1366 4776 emerint
1396 4716 1426 4774 in
1450 4713 1595 4774 eiusdem
1622 4711 1799 4774 Costaricae
1822 4713 1875 4774 do-

1126 4808 1233 4870 miniis
1256 4806 1466 4870 ecclesiastica
1491 4807 1582 4878 bona,
1606 4804 1658 4867 vel
1675 4821 1789 4867 census
1805 4807 1876 4868 red-

1126 4903 1267 4963 emerint
1281 4901 1317 4962 ad
1337 4900 1480 4962 civilium
1497 4899 1607 4975 legum
1632 4904 1699 4960 tum
1721 4899 1876 4976 temporis

1126 4997 1305 5072 vigentium
1331 5009 1490 5066 normam,
1514 4999 1547 5055 01
1569 4992 1600 5052 10
1623 4993 1802 5070 praesentia
1823 4993 1877 5054 illa

1127 5090 1300 5168 possident,
1318 5089 1438 5164 quique
1454 5087 1576 5149 eisdem
1593 5085 1792 5163 emptoribus
1807 5103 1877 5148 000-

1125 5184 1299 5256 000000101,
1323 5183 1374 5244 001
1405 5198 1451 5244 euv
1474 5181 1544 5243 1000
1574 5180 1761 5252 000001001,
1785 5181 1875 5243 00110

1125 5293 1278 5354 umquam
1314 5285 1458 5354 tempore
1487 5281 1541 5336 001
1570 5274 1665 5336 modo
1695 5273 1874 5336 molestiam

1125 5370 1223 5432 ullam
1248 5370 1424 5440 babituros,
1447 5384 1590 5444 000000
1614 5367 1676 5430 Sua
1693 5365 1874 5440 Sanctitate,

1126 5479 1231 5540 neque
1252 5481 1267 5524 a
1289 5464 1354 5524 suis
1377 5462 1616 5524 successoribus
1631 5461 1781 5524 Romanis
1798 5463 1877 5524 Pou-

1127 5557 1286 5633 110110ος
1311 5558 1477 5619 imovero
1500 5557 1692 5618 eurumdem
1715 5556 1875 5618 bonorum

1126 5651 1365 5728 proprietatem,
1379 5639 1523 5712 redditus
1535 5655 1567 5710 et
1578 5648 1798 5711 emolumenta
1812 5655 1877 5710 tuta

1127 5753 1157 5808 et
1180 5746 1305 5822 paciilca
1327 5745 1396 5806 1000
1423 5760 1481 5822 per
1506 5744 1627 5821 seipsos
1653 5750 1748 5820 atque
1774 5743 1812 5806 ab
1838 5743 1875 5805 iis

1124 5855 1248 5902 causam
1279 5839 1451 5914 100110010ος
1483 5837 1514 5899 11
1546 5843 1652 5900 tamen
1683 5853 1812 5915 semper
1841 5837 1875 5898 1-

1124 5950 1202 5995 rum
1223 5933 1421 6010 firmumque
1448 5947 1517 5994 0000
1543 5929 1684 6005 debebit,
1708 5936 1744 5992 ut
1766 5931 1874 5992 buius-
