4836 7002
351 569 401 625 an.
416 567 444 622 G.
459 568 527 626 tito
584 565 642 630 ild

561 703 640 766 sulis
661 701 839 766 patriarcha
859 701 1106 772 alexandrinus,
1124 704 1195 778 post
1209 698 1311 759 eiura-

563 802 630 858 tum
652 795 806 868 schisma,
831 794 919 857 pallii
952 795 1110 856 honorem
1140 811 1155 854 a
1181 791 1311 871 praede·

562 905 689 951 cessere
711 895 822 951 nostro
843 886 898 949 lei.
923 888 1047 950 record.
1071 886 1239 949 Clemente
1258 884 1310 945 Pa-

563 997 599 1058 pa
622 981 672 1043 lll.
697 997 755 1060 per
777 980 961 1059 legitimum
990 985 1231 1058 procuratorem
1253 976 1310 1038 hu-

563 1075 697 1137 millime
719 1075 880 1154 petiisset,
905 1073 1023 1152 placuit
1043 1073 1147 1134 eidem
1176 1069 1310 1132 Summo

562 1167 705 1230 pontiflci
737 1167 879 1247 plurium
914 1166 945 1229 S.
970 1166 1005 1228 li.
1033 1165 1068 1226 Ε.
1092 1163 1306 1227 cardinalium

560 1276 594 1322 ac
617 1261 853 1333 praelatorum,
876 1276 957 1338 quos
983 1260 1067 1322 inter
1089 1273 1147 1319 nos
1169 1257 1228 1336 ipsi
1251 1255 1309 1316 lui·

562 1370 632 1416 mus
653 1353 801 1432 cooptati,
824 1353 1118 1432 congregationem
1147 1365 1252 1412 coram
1275 1365 1309 1409 se

562 1448 691 1510 habere.

599 1542 877 1620 Gongregatorum
901 1547 1019 1612 autem,
1039 1539 1085 1601 uti
1107 1537 1240 1601 evenire
1261 1553 1308 1598 sc-

561 1638 614 1710 let,
639 1653 704 1699 nou
726 1652 788 1698 una
811 1635 870 1697 luit
892 1635 999 1712 opinio
1020 1641 1115 1710 atque
1137 1635 1306 1694 sententia.

561 1730 715 1792 Putabam
745 1731 862 1809 quippe
892 1727 1050 1798 nonnulli,
1083 1727 1241 1788 honorem
1267 1726 1308 1789 la·

562 1825 619 1886 tini
636 1823 719 1904 pallii
735 1824 924 1886 patriarchis
943 1833 1038 1901 atque
1053 1821 1308 1900 archiepiscopis

560 1919 686 1981 Graecis
701 1919 836 1980 minime
847 1918 1037 1991 convenire,
1054 1916 1106 1978 alii
1117 1922 1238 1985 contra,
1252 1933 1308 1978 nu·

561 2029 651 2075 mero
673 2012 748 2076 licet
769 2012 866 2088 longe
882 2011 1035 2084 minores,
1053 2011 1138 2084 iuter
1154 2023 1233 2086 quos
1249 2007 1307 2070 lui-

560 2123 632 2168 mus
647 2114 679 2169 et
691 2123 760 2178 nos,
774 2106 856 2168 lactu
870 2105 1027 2185 optimum
1040 2101 1231 2172 iudicabant,
1246 2101 1308 2180 pal-

560 2201 639 2263 lium
662 2201 860 2264 patriarchae
881 2199 1011 2270 Graeco,
1034 2199 1059 2259 si
1082 2197 1121 2259 de
1144 2196 1212 2257 eius
1234 2195 1307 2258 fidei

561 2295 745 2371 integritate
766 2300 928 2356 constaret
946 2292 1097 2368 idemque
1113 2289 1309 2351 humillimas

561 2390 634 2452 huic
656 2387 787 2452 Sanctae
809 2387 883 2450 Sedi
906 2402 1017 2465 preces
1045 2385 1229 2463 porrigeret
1251 2400 1308 2460 pro

559 2483 786 2560 consequendo
813 2481 926 2559 pallio,
951 2479 1036 2558 quod
1067 2479 1230 2557 proprium
1264 2479 1309 2540 di·

561 2577 689 2654 gnitatis
719 2592 794 2638 suae
816 2581 864 2638 est
886 2581 1131 2642 ornamentum,
1156 2571 1305 2650 pallium,

559 2669 699 2747 inquam,
724 2669 912 2732 concedere.
935 2666 1022 2728 luter
1045 2665 1210 2744 plurimas,
1228 2679 1308 2741 quae

559 2766 594 2826 ad
627 2765 707 2826 hanc
735 2764 926 2824 sententiam
955 2759 1205 2823 confirmandam
1234 2767 1308 2821 tunc

558 2858 669 2921 allatae
692 2865 767 2919 sunt
789 2856 940 2928 rationes,
964 2853 1129 2932 potissima
1150 2867 1190 2914 ex
1211 2854 1305 2912 sancti

558 2952 706 3030 Gregorii
739 2951 842 3028 Magni
872 2949 971 3027 gestis
1000 2949 1096 3026 petita
1118 2946 1189 3008 tuit.
1226 2945 1307 3008 Cum

559 3046 644 3124 enim
673 3043 844 3106 orientales
866 3041 984 3118 lllyrici
1013 3040 1165 3103 ecclesiae
1194 3055 1308 3116 graeco

558 3140 622 3200 ritu
644 3137 755 3217 procul
778 3135 875 3198 dubio
897 3140 1079 3205 uterentur,
1097 3131 1308 3194 nihilominus

560 3239 665 3294 tamen
688 3245 824 3308 magnus
846 3229 901 3290 ille
923 3227 1070 3289 Pontiles
1087 3225 1217 3304 pallium
1237 3226 1309 3287 mit-

561 3332 628 3387 tere
650 3325 686 3386 ad
709 3323 858 3386 loannem
889 3321 1010 3400 primae
1039 3321 1229 3382 iustinianae
1251 3319 1308 3381 hr-

559 3419 796 3498 chiepiscopum
820 3432 884 3478 non
906 3415 1078 3478 dubitavit:
1107 3413 1221 3478 liutara
1246 3413 1309 3476 Nos

557 3637 774 3692 archiepiscopus
785 3635 900 3690 alapam,
908 3634 953 3690 qui
965 3635 1035 3678 petri
1050 3643 1143 3677 rromeu
1154 3632 1306 3688 assumpsit.

558 3706 651 3748 Postea
672 3703 729 3746 tum
744 3700 778 3746 ab
798 3698 1006 3756 archiepiscopis
1023 3698 1191 3754 electoribus,
1206 3709 1222 3744 a
1238 3699 1307 3744 clero

558 3775 584 3816 et
599 3769 694 3827 populo
709 3769 813 3826 alepeu.
835 3767 938 3813 armeni
962 3766 1040 3820 ritus,
1057 3769 1113 3812 tum
1136 3765 1217 3811 etiam
1235 3767 1308 3812 apa·

559 3837 677 3884 triarcha
686 3835 880 3881 Maronitarum
896 3839 922 3879 et
933 3833 1111 3880 missionariis
1122 3833 1224 3878 Latinis
1235 3833 1305 3890 alepi

557 3904 723 3962 degentibus,
734 3905 760 3948 et
775 3902 875 3959 abipso
890 3901 1044 3947 patriarcha
1055 3901 1137 3946 electo
1152 3901 1184 3946 ad
1196 3900 1307 3945 sanctis-

558 3973 655 4017 simum
677 3970 816 4016 bominum
839 3971 963 4014 Nostrum
984 3967 1153 4014 Benedictum
1175 3971 1220 4012 pp.
1236 3971 1306 4012 xlv..

558 4043 584 4084 et
599 4035 668 4085 eriros
683 4037 835 4084 cardinales
857 4039 951 4084 Sacrae
966 4035 1182 4092 congregationis
1203 4037 1234 4080 de
1249 4039 1305 4081 Pro·

558 4107 679 4164 paganos
693 4105 754 4151 pide
775 4105 871 4150 literae
894 4105 990 4150 missae
1012 4107 1083 4154 sunt,
1100 4103 1197 4160 quibus
1215 4104 1308 4150 demis·

558 4173 662 4219 sissimo
677 4171 819 4218 sanctitati
834 4173 901 4216 Suae
920 4170 1145 4227 supplicauerunt,
1160 4173 1191 4215 ut
1205 4170 1307 4216 electio·

557 4252 616 4286 nem
632 4253 678 4286 seu
694 4239 900 4297 postulationem
914 4237 974 4282 novi
984 4237 1154 4282 patriarchae
1164 4235 1307 4283 admittere

557 4321 603 4355 seu
623 4309 793 4362 conllrmare,
815 4309 841 4351 et
863 4305 974 4363 pallium
997 4305 1147 4362 pontificiae
1167 4306 1307 4362 potestatis

557 4376 660 4430 insigne
674 4375 698 4420 ei
715 4373 833 4419 tribuere
854 4373 1020 4428 dignaretur.
1036 4373 1127 4417 Totius
1152 4375 1243 4418 autem
1266 4384 1307 4418 ue·

557 4443 622 4498 gotii
645 4443 766 4488 examine
786 4453 831 4498 per
846 4440 1019 4486 sanctitatem
1036 4443 1115 4485 Suam
1130 4441 1163 4484 ad
1178 4439 1250 4485 eriros
1264 4451 1306 4497 pa·

558 4515 612 4555 tres
633 4510 751 4554 eiusdem
767 4507 984 4564 congregationis
1005 4507 1037 4552 de
1052 4508 1223 4563 propaganda
1244 4507 1305 4552 Fide

558 4577 677 4630 renuisse,
697 4575 723 4620 in
745 4573 949 4631 ccrrrgregatione
971 4573 1090 4632 generali
1105 4573 1196 4620 habita
1211 4573 1253 4618 die
1269 4585 1305 4619 xi.

557 4643 666 4700 augusti
685 4642 819 4688 currentis
840 4641 903 4686 anni
924 4641 1025 4686 editum
1043 4644 1084 4686 est
1098 4641 1251 4686 huiusmodi
1265 4641 1305 4686 de·

557 4713 672 4771 cretum:

845 4831 1016 4875 pacatarum

584 4942 680 4982 Sacrae
691 4941 910 4990 concrepatione
925 4940 1059 4990 ueneratio
1074 4941 1105 4982 uc
1116 4940 1197 4990 prop.
1208 4939 1277 4980 Fide.

700 5055 816 5090 ltaulralt
831 5055 875 5090 DIE
890 5055 927 5088 xi.
943 5055 1054 5089 attollar!
1069 5053 1164 5088 atbcct„

596 5179 695 5226 Delatis
714 5191 760 5236 per·
774 5182 803 5224 R.
820 5183 845 5224 P.
861 5179 1039 5224 alticomum
1057 5176 1209 5224 lar-carium
1225 5189 1304 5224 secre-

558 5247 656 5292 tarium
679 5247 765 5292 literis
785 5245 1048 5303 archiepiscoporum
1070 5249 1244 5292 armenorum
1267 5257 1304 5292 ca-

558 5315 717 5360 tholicorum
736 5313 875 5358 armeniae
894 5312 1004 5358 minoris
1022 5317 1048 5358 et
1066 5313 1179 5368 ciliciae,
1197 5311 1262 5358 cleri
1279 5317 1305 5357 et

557 5380 646 5438 populi
656 5380 763 5426 armeni
773 5379 890 5427 ciuitatis
900 5380 1014 5434 alopen,
1027 5391 1125 5426 necnon
1136 5379 1304 5424 patriarchae

557 5446 748 5493 Maronitarum
768 5449 794 5491 et
810 5446 1037 5491 Missionariorurn
1052 5445 1130 5491 latini
1148 5445 1217 5490 ritus
1231 5444 1302 5500 alepi

556 5513 718 5571 degentium,
739 5513 815 5558 enixe
837 5513 1043 5570 supplicantium
1067 5512 1238 5558 sanctissimo
1260 5514 1303 5556 Do-

556 5581 628 5626 nrino
643 5584 746 5636 Nostro,
761 5583 792 5624 ut
805 5581 932 5634 dignetur
946 5580 1092 5636 approbare
1107 5583 1134 5624 at
1146 5578 1303 5624 confirmare

555 5648 708 5693 electionem
728 5659 775 5692 seu
798 5647 1004 5704 postulationem
1025 5645 1195 5692 patriarchae
1216 5646 1303 5691 catho-

554 5715 598 5760 lici
613 5726 659 5772 pro
678 5715 789 5760 ecclesia
802 5714 976 5772 patriarchali
994 5713 1132 5758 armeniae
1152 5712 1261 5759 minoris
1277 5717 1303 5758 et

555 5782 668 5838 ciliciae,
685 5785 794 5828 vacante
814 5793 861 5840 per
882 5781 984 5826 obitum
1003 5780 1146 5826 Abrahami
1167 5781 1239 5825 Petri
1260 5784 1302 5826 Pa·

554 5849 697 5904 triarchas,
714 5860 730 5894 a
747 5849 874 5906 praelatis
888 5847 1095 5904 archiepiscopis
1110 5847 1231 5892 urranimi
1246 5858 1302 5892 con·

555 5927 632 5960 sensu
656 5921 788 5972 peractam
806 5915 837 5960 de
852 5925 963 5972 persona
978 5917 1007 5958 R.
1024 5917 1048 5957 l‘.
1065 5913 1192 5958 D.1acobi
1212 5917 1302 5960 varta·

555 5981 609 6027 biet
619 5982 813 6040 archiepiscopi
824 5983 939 6039 alepeu,
949 5982 993 6038 qui
1009 5981 1080 6026 Petri
1095 5991 1190 6026 nomen
1202 5991 1303 6026 assum·

1085 579 1150 626 ibn.
1173 577 1266 624 PON'l'.
1290 576 1329 622 ba
1351 577 1381 624 P.
1405 578 1435 624 lt,
1460 580 1543 626 raas
1564 582 1586 628 l.

1366 695 1434 758 aias
1469 701 1739 763 consecrationem
1774 699 1906 771 habac,
1944 701 2116 781 diriperetur

1363 791 1519 872 pallium,
1543 794 1747 858 iudicamus.-
1779 796 2051 874 quemadmodum
2083 796 2115 858 in

1366 885 1435 946 eius
1457 887 1601 964 epistolis
1624 888 1744 966 legitur
1759 885 1814 968 (lt.
1833 889 1975 967 Hocipso
1992 889 2115 951 honore

1366 979 1549 1043 decoratum
1573 981 1667 1044 etiam
1691 982 1789 1044 luisse
1817 984 1855 1045 ab
1885 984 2000 1046 eodem
2023 979 2115 1044 Sum-

1367 1089 1419 1134 mo
1442 1074 1593 1138 pontifice
1616 1076 2018 1140 loannemGorinthiorum
2045 1076 2114 1154 Epi-

1365 1183 1517 1246 scopum,
1543 1169 1776 1248 llctropolitam
1807 1169 1982 1243 llclladiaa,
2014 1170 2115 1247 liquet

1365 1275 1404 1322 ex
1427 1260 1484 1323 alia
1507 1263 1576 1324 eius
1599 1261 1940 1343 epistolarumque
1963 1263 2040 1325 haec
2062 1263 2114 1324 ha·

1366 1353 1499 1417 bantur:
1525 1355 1677 1428 pallium,
1696 1356 1780 1418 sicat
1799 1373 1856 1435 per
1877 1356 2041 1436 epistotam
2062 1373 2115 1436 po·

1364 1448 1504 1517 statutis,
1528 1448 1716 1514 diremimus.
1741 1450 1901 1513 andream
1918 1451 2012 1513 etiarn
2036 1450 2114 1512 anti-

1365 1541 1419 1618 qui
1442 1540 1529 1618 Epiri
1553 1541 1788 1622 llctropolitam
1811 1545 1935 1606 honore
1957 1543 2043 1622 pallii
2058 1544 2113 1606 do-

1364 1641 1474 1696 natum
1498 1642 1632 1700 testatur
1647 1639 1791 1700 eiusdem
1809 1637 1933 1701 Summi
1953 1638 2113 1702 Pontificis

1364 1730 1494 1807 epistola
1527 1731 1595 1792 data
1627 1731 1663 1794 ad
1686 1731 1858 1811 Episcopus
1887 1733 1955 1794 eius
1985 1734 2113 1810 provin-

1363 1823 1428 1884 ciae
1443 1822 1498 1903 (3),
1517 1824 1548 1884 in
1571 1839 1632 1901 qua
1654 1825 1739 1888 inter
1759 1827 1818 1888 alia
1840 1827 1917 1888 haec
1939 1827 2109 1903 leguntur:

1365 1915 1509 1979 andreae
1530 1917 1643 1980 Fratri
1665 1923 1694 1980 ct
1718 1919 1900 2000 Coepiscopo
1923 1926 2032 1982 aestro
2046 1919 2113 1999 pal-

1363 2008 1442 2070 liam
1464 2026 1521 2071 aaa
1542 2010 1697 2073 diremisse
1718 2013 1904 2093 cognoscite.
1938 2014 1994 2086 itt,
2019 2021 2054 2076 ut
2075 2015 2110 2075 ad

1365 2109 1508 2181 tempora
1531 2106 1637 2166 minus
1653 2112 1776 2168 remota
1793 2106 2034 2180 descendamus,
2053 2113 2112 2168 tra-

1363 2195 1442 2258 didit
1473 2196 1677 2260 Innocentius
1709 2198 1758 2261 lll.
1792 2198 1945 2262 Summus
1967 2199 2112 2264 pontifex

1363 2288 1521 2352 Cardinali
1543 2307 1559 2351 a
1580 2307 1614 2353 se
1636 2291 1668 2353 iu
1691 2291 1877 2354 Armeniam
1908 2293 2027 2370 Legata
2051 2293 2112 2373 pal-

1363 2382 1461 2453 lium,
1494 2390 1531 2445 ut
1560 2401 1598 2446 eo
1629 2384 1778 2448 loannem
1811 2385 2023 2448 Patriarcham
2056 2387 2111 2448 ar-

1364 2477 1487 2539 meniae
1516 2478 1709 2542 catholicum
1739 2487 1886 2552 ornaret,
1916 2482 1962 2543 uti
1985 2497 2024 2543 eu
2046 2482 2111 2560 epi-

1361 2570 1440 2632 stola
1462 2571 1717 2648 deprehenditur
1746 2573 1892 2637 eiusdem
1914 2575 2111 2638 Patriarchae

1364 2661 1459 2725 relata
1488 2663 1573 2726 inter
1602 2673 1690 2741 gesta
1716 2665 1802 2730 illius
1831 2666 1956 2730 Summi
1985 2667 2111 2730 pontiti-

1363 2755 1405 2817 cis
1434 2755 1499 2836 (l),
1528 2757 1582 2818 ubi
1614 2759 1690 2820 lraec
1721 2759 1894 2822 habentur:
1929 2761 2112 2825 Patttemc

1365 2848 1472 2914 Vestra
1491 2849 1696 2915 Beatitudiae
1709 2851 1898 2935 delegatum,
1914 2855 2114 2920 solemnitate

1363 2941 1475 3006 celebri
1507 2963 1545 3008 ec
1580 2962 1651 3008 curn
1683 2949 1770 3010 omui
1802 2948 1984 3013 barrilitcte
2014 2951 2112 3014 suaci-

1362 3035 1492 3115 pieates,
1507 3039 1712 3118 promisimus
1727 3047 1783 3104 etc.
1801 3042 1858 3105 Cui
1874 3045 2024 3122 exemplo
2039 3062 2112 3108 con·

1363 3131 1466 3194 lorme
1495 3133 1580 3196 aliud
1608 3141 1655 3196 est
1675 3134 1822 3213 Gregorii
1853 3137 1917 3210 lll.,
1941 3140 1995 3216 qui
2018 3146 2050 3201 et
2074 3139 2110 3202 ad

1363 3224 1573 3288 patriarcham
1588 3227 1804 3291 Armenorum
1819 3231 1948 3309 pallium
1966 3233 2112 3294 transmi-

1362 3319 1412 3390 sit,
1430 3325 1473 3392 et,
1492 3319 1520 3382 id
1543 3327 1579 3381 ut
1600 3320 1728 3396 latraret,
1745 3339 1817 3386 sese
1839 3325 1911 3386 ideo
1927 3333 2111 3402 permotum

1365 3413 1454 3486 dixit,
1477 3415 1552 3491 quia
1574 3431 1589 3474 a
1613 3413 1754 3478 Summis
1777 3417 1982 3480 Pontificibus
2004 3419 2112 3481 deces-

1375 3553 1593 3562 -ι-μψ-ῂ

1363 3634 1428 3687 paim
1444 3632 1650 3676 errriueucissimi
1666 3639 1754 3688 patres
1770 3633 1862 3678 habita
1876 3635 1972 3679 notitia
1981 3635 2012 3678 de
2022 3635 2111 3679 ortho-

1362 3699 1428 3744 doxa
1451 3699 1514 3754 tide,
1538 3699 1691 3756 prudentia,
1715 3700 1771 3746 nalo
1794 3700 1941 3758 ceterisque
1965 3701 2110 3747 virtutibus

1362 3765 1479 3810 eiusdem
1495 3769 1524 3810 R.
1541 3769 1566 3810 p.
1583 3767 1902 3824 u.1acobt,censuerunt,
1920 3769 2109 3815 consulendum

1362 3843 1418 3876 esse
1434 3833 1574 3879 sanctitati
1591 3835 1658 3878 Suae
1674 3845 1720 3890 pro
1734 3835 1896 3880 admissione
1911 3835 2048 3882 electionis
2063 3847 2109 3882 seu

1362 3899 1558 3955 postulationis,
1577 3900 1609 3944 de
1630 3911 1681 3956 qua
1702 3900 1801 3958 agitur,
1816 3913 1875 3946 cum
1897 3903 2035 3948 sanatione
2050 3915 2110 3960 qtro·

1362 3977 1536 4023 rumcurnque
1551 3967 1699 4012 defectuum
1715 3968 1796 4014 etiam
1811 3969 2038 4024 substantialium,
2049 3982 2111 4028 qua·

1362 4037 1440 4079 tenus
1461 4045 1525 4091 opus
1546 4034 1594 4088 sit,
1616 4045 1715 4080 necnon
1737 4037 1767 4080 ut
1787 4035 1894 4092 praevia
1914 4037 2110 4084 absolutiones

1361 4101 1466 4147 uinculo
1489 4101 1613 4147 ecclesiae
1636 4101 1868 4158 archiepiscopalis
1890 4103 1962 4159 alepi
1984 4104 2109 4160 dignetur

1360 4169 1499 4225 prouidere
1521 4168 1671 4225 praedictae
1691 4169 1818 4214 ecclesiae
1834 4169 2006 4226 patriarchali
2021 4177 2110 4216 arme-

1361 4236 1420 4282 niae
1443 4236 1554 4281 miuoris
1569 4239 1596 4281 et
1614 4236 1719 4282 ciliciae
1740 4237 1771 4281 de
1786 4248 1899 4294 persona
1918 4240 2058 4284 irrernorati
2073 4243 2109 4285 la·

1359 4305 1416 4351 cobi
1432 4303 1632 4361 archiepiscopi.

1401 4375 1483 4421 Quam
1498 4374 1593 4416 Sacrae
1608 4371 1825 4428 congregationis
1842 4372 2011 4428 sententiam,
2021 4372 2054 4418 ab
2069 4385 2108 4418 eo·

1360 4438 1418 4483 dem
1429 4441 1455 4482 b.
1467 4437 1616 4484 secretario
1632 4439 1744 4484 relatam
1757 4439 1929 4484 sanctissimo
1943 4439 2053 4486 Douriuo
2063 4444 2108 4485 No·

1360 4507 1416 4550 stro
1425 4505 1564 4551 Benedicta
1572 4507 1616 4549 Pp.
1626 4505 1725 4550 xlv.iu
1735 4505 1872 4552 audientia
1880 4506 2106 4553 habitudiexxur.

1359 4571 1469 4628 augusti
1483 4571 1545 4617 anni
1560 4583 1665 4624 uacca..
1675 4571 1805 4618 Sanctitas
1821 4577 1873 4618 Sua
1888 4573 1915 4618 in
1930 4573 2053 4618 omnibus
2068 4575 2108 4620 be-

1360 4639 1438 4697 nigne
1452 4640 1606 4696 approbavit
1621 4642 1647 4684 et
1661 4640 1764 4685 annuit.

1399 4709 1491 4753 postea
1501 4707 1543 4752 die
1553 4719 1628 4754 xxrrr.
1638 4707 1825 4764 subsequentis
1835 4708 1933 4753 rurensis
1941 4709 2107 4766 septembris,

1360 4773 1458 4818 indicto
1472 4775 1503 4818 de
1519 4785 1591 4820 more
1606 4777 1707 4820 secreto
1721 4774 1886 4830 consistorio,
1903 4775 1929 4820 iu
1944 4787 1975 4822 eo
1990 4777 2106 4834 primurn

1360 4839 1455 4886 SSrirus
1471 4842 1596 4888 Dominus
1615 4845 1708 4888 Noster
1722 4839 1787 4888 erinis
1806 4843 1926 4900 patribus
1947 4844 2107 4900 significarit

1359 4909 1689 4966 obitumloannisv.regis
1698 4909 2005 4964 udelissnniunsitanae
2014 4911 2107 4956 deinde

1361 4976 1509 5033 propositae
1531 4975 1638 5021 luerunt
1658 4979 1715 5020 tum
1730 4987 1745 5020 a
1760 4975 1906 5020 Sanctitate
1922 4979 1982 5031 sua,
1997 4983 2054 5022 tum
2074 4978 2107 5022 ab

1359 5043 1493 5100 aliquibus
1508 5041 1692 5088 cardinalibus
1708 5042 1828 5088 diversae
1843 5043 1974 5088 ecclesiae.
1990 5044 2107 5089 Peractis

1359 5115 1449 5156 autem
1465 5111 1636 5156 ecclesiarum
1659 5108 1890 5166 propositionibus,
1907 5115 2041 5176 reseratae
2055 5111 2107 5156 iue-

1360 5182 1422 5223 ruut
1438 5181 1529 5234 portae
1544 5176 1703 5232 consistorii,
1718 5181 1744 5222 et
1759 5187 1805 5233 per
1820 5187 1902 5222 uuum
1918 5191 1948 5223 ex
1963 5181 2010 5223 Db.
2021 5190 2105 5225 caere-

1360 5245 1510 5290 moniarum
1526 5243 1663 5300 magistris
1677 5247 1704 5288 D.
1719 5244 1832 5289 Thontas
1846 5245 2001 5292 Franciscus
2018 5251 2106 5292 Scara-

1361 5311 1461 5356 rnutius
1482 5311 1624 5356 advocatus
1642 5310 1835 5358 consistorialis
1854 5315 1921 5358 etp.
1942 5316 2043 5359 Marcus
2059 5320 2107 5358 an-

1360 5379 1448 5422 tonius
1467 5381 1585 5433 Segoran
1608 5379 1662 5422 Soc.
1678 5381 1736 5422 lesu
1758 5380 1888 5432 sacerdos,
1903 5381 2013 5436 praelati
2028 5381 2105 5425 electi

1360 5444 1528 5489 patriarchae
1549 5446 1712 5500 procurator,
1735 5446 1880 5492 introducti
1894 5447 1975 5502 suere,
1990 5451 2016 5492 et
2035 5460 2049 5491 e
2069 5459 2106 5492 re-

1357 5513 1435 5567 gione
1458 5511 1609 5568 pontificiae
1632 5512 1702 5557 sedis
1725 5513 1799 5558 hexis
1823 5514 1933 5570 genibus
1955 5515 2106 5572 praedictus

1358 5582 1384 5623 D.
1397 5579 1538 5624 advocatus
1553 5577 1734 5624 Scau-amutius
1749 5581 1922 5626 asanctitate
1932 5583 1983 5626 Sua
1994 5581 2104 5637 pallium

1357 5657 1404 5704 pro
1419 5645 1575 5692 patriarcha
1590 5647 1674 5702 petiit.

1398 5713 1427 5768 (ι)
1443 5717 1513 5757 Tom.
1526 5715 1546 5764 a,
1558 5716 1632 5769 oper.
1646 5713 1708 5758 edit.
1720 5713 1846 5759 parisien.
1857 5724 1898 5759 an.
1910 5725 2014 5767 uncam,
2029 5715 2073 5760 lib.
2084 5719 2104 5768 a,

1358 5779 1446 5824 indict.
1463 5783 1495 5834 lo,
1511 5780 1587 5835 epist.
1602 5782 1636 5834 pp,
1651 5781 1699 5824 col.
1714 5783 1761 5824 585.

1398 5847 1427 5903 (tl
1444 5845 1506 5892 lbid.
1523 5847 1567 5892 lib.
1582 5849 1602 5902 5,
1618 5847 1708 5892 indict.
1726 5851 1758 5903 ta,
1773 5848 1849 5905 epist.
1863 5851 1897 5904 tr,
1914 5849 1962 5894 col.
1977 5853 2023 5892 aaut.

1398 5915 1427 5970 (3)
1443 5913 1506 5958 lbid.
1523 5914 1567 5960 lib.
1583 5915 1603 5970 o,
1621 5915 1709 5960 indict.
1728 5917 1759 5970 ll,
1774 5916 1850 5971 epist.
1865 5919 1885 5967 8,
1900 5915 1948 5960 col.
1964 5919 2010 5960 aar.

1398 5981 1429 6037 (a)
1445 5983 1521 6026 num.
1538 5984 1582 6026 tra.

2153 569 2205 625 an.
2219 570 2247 625 G.
2264 569 2346 625 {750
