4756 6994
104 565 134 617 13.
143 555 161 610 c
172 545 224 605 11119

110 781 239 839 ,3333333113

98 873 110 891 .,
119 855 156 888 letti
179 839 239 881 itales

93 895 197 948 ¹¹ijnbetultt,
214 901 239 932 tlt'

102 971 111 999 ΓΕ
119 947 214 993 ,amrium

53 1773 55 1776 ,
109 1727 150 1780 luta
167 1721 239 1758 vitutus

53 1805 55 1830 1,
91 1785 153 1825 ,bullit

105 2175 238 2221 3333331313

153 2231 239 2272 inatus

98 2287 152 2342 ’''l'ffi

883 552 1026 598 CLEMENS
1049 553 1099 597 PP.
1124 554 1168 596 xl.

257 685 356 756 queat,
374 693 414 742 ex
430 695 468 740 eo
490 676 575 754 quod
599 675 719 738 residui
742 674 864 735 lructus
886 671 999 750 ipsius·
1026 671 1028 713 1
1054 671 1214 732 solutione
1231 672 1468 749 inperpetuum
1487 669 1610 743 liberat,
1626 674 1716 736 illurn
1730 691 1803 736 cum

257 781 319 836 met
350 771 534 835 monasterii
568 773 603 832 ad
637 771 877 833 substinentiam
914 770 1000 832 illius

256 870 413 946 antiquam
431 873 545 938 taxarn,
558 866 633 928 satis
648 881 811 943 superque
826 864 999 932 sufficiunt,

256 971 348 1043 prout
378 962 573 1040 accepimus,
601 960 752 1038 quodque
784 958 999 1037 praesentium

256 1057 473 1133 transumptis,
491 1056 587 1117 etiam
610 1053 776 1131 impressis
792 1059 823 1114 et
838 1069 934 1114 manu
952 1053 1002 1113 da-

257 1150 324 1211 tarii
345 1165 402 1210 seu
425 1149 607 1226 prodatarii,
627 1163 682 1224 pro
700 1155 848 1224 tempore
864 1147 1002 1208 existen-

257 1243 304 1308 tis.
328 1242 525 1320 subscriptis,
543 1242 654 1304 eadem
678 1256 808 1318 prorsus
825 1238 1002 1302 1131333131-

258 1337 366 1398 beatur
385 1337 418 1396 in
433 1336 551 1396 iudicio
574 1343 606 1396 et
627 1341 716 1396 extra
740 1333 830 1404 illud,
849 1331 1004 1410 3333313-

257 1431 329 1494 dem
359 1429 580 1508 praesentibus
606 1429 825 1497 adhiberetur,
849 1428 872 1487 si
897 1433 1005 1488 essent

257 1524 416 1586 exhibitae
439 1523 491 1583 vel
514 1529 672 1583 ostensae.

336 1616 503 1678 1113111.

297 1711 408 1772 [latum
439 1710 568 1780 Romae,
593 1709 674 1788 apud
706 1708 736 1771 S.
763 1709 890 1770 llariam
914 1707 1002 1768 bloio

258 1820 339 1876 rem,
359 1804 459 1881 pridie
476 1803 545 1865 idus
560 1802 753 1880 septembris
768 1819 851 1863 arrno
868 1818 964 1862 nonu.

338 1898 426 1960 nituit
447 1899 523 1976 quia
544 1897 669 1976 suctum
690 1895 863 1975 Principis.

297 1992 407 2072 Nuper
423 1990 576 2054 Sanctitas
592 1989 704 2052 Vestra
720 1992 755 2052 ad
774 1990 1006 2054 consulendum

260 2089 360 2149 bonae
381 2084 557 2148 valetudini
586 2083 791 2144 alumnorum
820 2083 947 2160 collegii
970 2085 1008 2145 de

259 2179 463 2260 Propaganda
485 2178 572 2246 Fide,
596 2183 687 2239 motu
716 2179 845 2255 proprio
872 2187 1009 2256 accepta-

259 2276 306 2336 vit
321 2275 542 2336 dimissionem
564 2272 725 2333 cuiusdam
749 2271 873 2342 vineae,
891 2272 926 2332 ad
943 2288 1010 2332 mo-

260 2369 437 2431 nasterium
468 2365 572 2429 Sancti
606 2366 768 2427 Laurentii
800 2374 1007 2443 spectantem,

259 2464 296 2524 ab
309 2461 573 2524 Eminentisslmo
588 2458 770 2523 Ottbobono
783 2459 926 2522 eiusdem
946 2477 1011 2522 mo-

260 2557 390 2619 nasterii
420 2554 552 2625 Abbate,
576 2553 635 2616 sub
657 2570 778 2616 canone
804 2569 861 2631 per
893 2553 1011 2616 Sancti-

259 2659 356 2714 tatem
375 2650 521 2712 Vestram
546 2647 776 2726 praeuniendo,
794 2655 947 2710 oretenus
970 2647 1011 2708 la·

260 2753 354 2816 ctam,
376 2743 588 2818 eamdemque
610 2743 737 2802 vineam
764 2741 796 2802 in
819 2749 1010 2819 perpetuum

260 2838 419 2901 concessit
451 2834 700 2912 congregationi
736 2835 775 2896 de
810 2833 1012 2912 Propaganda

262 2933 351 3000 Fide,
368 2931 428 2991 sub
449 2929 540 2992 cuius
563 2929 739 2990 directione
762 2935 794 2988 et
817 2927 1014 3005 protectione

262 3032 351 3087 extat
372 3025 491 3085 dictum
515 3021 701 3098 collegium,
719 3021 778 3082 sub
794 3021 1014 3082 reservatione

264 3127 372 3182 tamen
394 3117 470 3180 novi
492 3131 668 3178 consensus
690 3116 764 3176 dicti
786 3113 961 3176 cardinalis
984 3121 1016 3174 et

264 3215 410 3276 iniuncto
432 3227 532 3274 onere
560 3210 663 3272 eidem
693 3209 945 3285 Congregationi
966 3223 1015 3268 so-

264 3308 398 3369 lutionis
419 3305 548 3368 canonis
571 3311 736 3365 scutorum
760 3308 889 3364 centurn
906 3301 1016 3362 lavore

264 3401 396 3462 Abbatis
433 3415 490 3476 pro
526 3405 672 3474 tempore
708 3396 781 3457 dicti
818 3393 1015 3465 monasterii,

264 3495 440 3556 eximendo
452 3496 595 3570 insuper,
610 3490 732 3551 ratione
750 3489 932 3550 uniusmodi
945 3504 1017 3549 con·

265 3589 420 3650 cessionis
451 3587 550 3648 factae
585 3601 625 3646 cx
656 3599 747 3645 causa
784 3583 1018 3661 propagationis

267 3681 401 3744 Sanctae
421 3679 518 3750 ridet,
536 3679 650 3741 dictam
671 3676 963 3754 congregationem
981 3676 1018 3736 ab

267 3791 370 3837 onere
385 3772 554 3836 solutionis
576 3771 727 3834 laudemii
743 3785 949 3848 quocumque
965 3787 1018 3832 no-

268 3869 358 3932 mine
374 3866 558 3944 nuncupati,
576 3872 608 3926 31
623 3865 718 3926 etiam
737 3864 926 3940 quindennii
943 3879 1018 3941 ouo-

269 3961 450 4025 modolibet
471 3959 581 4030 debiti,
605 3959 698 4020 etiam
721 3958 935 4020 cancellariae
955 3958 1019 4020 offi-

268 4057 415 4126 cialibus,
430 4061 462 4116 et
472 4053 530 4114 alia
542 4053 578 4114 ad
596 4054 740 4114 eiusdem
753 4053 1020 4130 congregationis

270 4151 417 4213 lavorem
434 4147 606 4225 disposuit;
623 4147 740 4223 quibus
755 4146 904 4208 omnibus
919 4148 1021 4208 <lictus

269 4242 447 4308 cardinalis
478 4255 599 4302 novum
629 4242 785 4320 praestitit
815 4255 1019 4311 consensum,

271 4346 401 4400 servato
412 4335 487 4398 dicti
499 4341 606 4396 motus
623 4333 743 4412 proprii
760 4335 919 4410 themate;
938 4351 1023 4396 nunc

271 4447 354 4494 vero
371 4429 554 4509 prumalem
572 4427 670 4490 divini
687 4427 792 4488 cultus
808 4429 1020 4500 intromonte,

272 4527 306 4588 in
327 4525 410 4587 dicto
432 4523 581 4599 collegio,
605 4539 638 4583 ac
660 4521 755 4582 etiam
780 4538 836 4599 pro
858 4522 964 4599 aliquo
980 4525 1023 4584 di-

272 4627 342 4683 ctae
364 4617 630 4694 congregationis
654 4621 698 4676 tot
722 4615 873 4677 oneribus
903 4618 1025 4679 missio-

273 4730 353 4777 num
378 4717 603 4790 praegravatae
624 4709 858 4783 sublevamine,
875 4712 1025 4772 acceden-

275 4809 362 4871 tibus
378 4807 474 4869 etiam
489 4805 638 4884 precibus
651 4803 867 4865 cnrdinalium
884 4803 1025 4882 congre-

276 4901 414 4980 gationis
434 4897 629 4968 huiusmodi,
654 4897 704 4958 cui
726 4897 809 4958 idem
834 4898 1027 4960 Eminentia·

275 4997 378 5058 simns
392 4993 606 5064 Ottbobunus,
622 4992 747 5070 praevia
763 5009 818 5053 sua
831 4993 962 5070 epistola
979 5009 1027 5054 se-

275 5091 415 5154 cretario
442 5087 576 5157 directa,
606 5086 722 5148 obtulit
753 5101 946 5148 consensum
970 5103 1027 5164 pru

276 5184 476 5260 inlrascripta
509 5181 700 5250 cassatione,
735 5181 844 5242 eadem
876 5179 1028 5243 Sanctitas

277 5279 407 5348 Vestra,
431 5277 467 5337 ad
497 5274 730 5336 validissimum
756 5274 906 5336 ellectum
940 5289 1028 5351 prae-

277 5371 380 5434 sentis
395 5369 525 5447 gratiae,
545 5373 633 5429 motu
649 5366 747 5427 simili
763 5383 967 5438 consensum,
984 5368 1029 5429 sic

278 5463 469 5544 praestitum
484 5477 542 5540 per
557 5461 735 5538 epistolam,
753 5461 902 5534 admittit,
917 5477 1029 5524 omnes

278 5558 435 5628 delectus,
459 5555 485 5617 si
507 5554 562 5632 uui
583 5555 615 5616 in
638 5554 694 5616 illo
715 5554 963 5626 intervenerint,
984 5571 1029 5616 sa·

280 5651 397 5722 nando,
421 5665 494 5712 cum
518 5655 695 5726 opportuna
712 5647 919 5724 derogatione
935 5664 1030 5724 regu-

279 5745 385 5808 larum
408 5742 621 5806 cancellariae
639 5740 843 5817 aliorumque
857 5741 1031 5802 contrario-

280 5855 378 5913 rum3
401 5854 434 5901 33
457 5837 572 5898 dictam
601 5834 746 5904 vineam,
771 5850 896 5896 necnon
922 5833 1031 5895 buius-

281 5932 369 5993 modi
385 5929 677 6007 congregationem
697 5945 712 5988 a
735 5928 864 5990 canonis
879 5927 1032 6007 praedicti

1056 766 1199 828 dominio
1215 765 1336 828 directo
1358 781 1456 844 super
1471 769 1581 830 eadem
1597 771 1690 832 vinea
1707 789 1722 832 a
1738 787 1804 832 mo-

1057 864 1196 925 nasterio
1218 862 1402 933 abdicando,
1420 864 1606 941 dictumque
1626 868 1803 932 dominium

1058 955 1282 1018 transferendo
1304 957 1336 1018 in
1358 955 1649 1036 Congregationem
1685 965 1806 1040 praedi-

1058 1059 1155 1122 ctam,
1186 1052 1222 1113 ad
1252 1051 1342 1113 cuius
1374 1051 1517 1114 favorem
1547 1053 1607 1116 boc
1633 1071 1705 1118 curn
1735 1058 1806 1119 utili

1059 1147 1201 1210 duminio
1227 1146 1458 1209 consolidatum
1483 1148 1555 1218 erit,
1580 1155 1622 1220 et,
1649 1157 1807 1227 quatenus

1060 1259 1139 1322 opus
1165 1243 1215 1314 sit,
1239 1257 1393 1304 canonem
1427 1247 1459 1302 et
1490 1242 1549 1304 alia
1580 1245 1648 1305 iura
1681 1245 1713 1306 in
1746 1247 1807 1324 pri·

1060 1355 1169 1400 maeva
1192 1339 1396 1401 concessione
1419 1339 1614 1401 munasterio
1636 1351 1806 1413 reservata,

1060 1439 1199 1503 revocat,
1217 1440 1315 1494 cassat
1336 1439 1367 1494 et
1389 1433 1542 1504 annullat,
1567 1435 1809 1511 3133333333-

1061 1543 1152 1590 neam
1178 1526 1281 1588 eidem
1305 1525 1555 1603 congregationi
1578 1530 1616 1590 de
1639 1547 1724 1592 novo
1742 1531 1810 1592 abs-

1062 1637 1124 1698 que
1145 1619 1213 1685 ullo
1240 1636 1370 1696 prorsus
1401 1637 1514 1694 onere,
1539 1626 1699 1696 concedit,
1723 1626 1807 1688 illam

1062 1720 1210 1791 respectu
1245 1714 1340 1775 buius
1373 1731 1474 1776 novae
1503 1719 1717 1780 concessionis
1746 1723 1811 1782 exi-

1064 1809 1182 1870 mendo
1203 1824 1219 1866 a
1241 1807 1440 1882 quindennio
1462 1809 1590 1872 aliunde
1612 1811 1720 1874 debito
1741 1813 1811 1876 col-

1063 1901 1149 1977 legio
1173 1899 1401 1970 Cardinaliunr,
1426 1901 1578 1964 camerae
1601 1911 1632 1966 et
1653 1905 1812 1968 cnncella-

1065 1995 1140 2062 riae,
1169 2009 1242 2055 cum
1265 1993 1526 2070 derogationibus
1555 1998 1759 2075 amplissimis
1782 2006 1814 2062 et

1065 2088 1133 2149 aliis
1161 2087 1269 2163 gratiis
1300 2087 1393 2149 latius
1421 2088 1452 2148 in
1480 2089 1539 2151 boc
1568 2099 1656 2154 motu
1683 2095 1814 2171 proprio

1066 2181 1235 2252 contentis,
1252 2186 1284 2241 et
1304 2181 1374 2241 sinc
1397 2181 1589 2257 praeiudicio
1605 2185 1726 2262 primae
1741 2203 1814 2248 con-

1065 2273 1228 2344 cessionis,
1253 2289 1347 2350 quam
1370 2272 1489 2335 salvam
1506 2291 1576 2336 esse
1592 2278 1672 2349 vult,
1691 2285 1813 2340 tantum

1067 2367 1098 2428 in
1112 2365 1338 2427 favorabilibus
1356 2381 1413 2443 pro
1428 2366 1686 2446 Congregatione
1699 2381 1731 2434 et
1744 2372 1815 2434 Coi-

1067 2461 1153 2538 legio
1170 2460 1371 2538 primodictu,
1396 2468 1428 2522 31
1450 2462 1540 2524 firma
1559 2473 1748 2528 remanente
1763 2484 1815 2528 an-

1069 2557 1154 2634 tiqua
1183 2561 1253 2616 taxa
1282 2556 1466 2617 monasterii
1495 2559 1659 2634 praedicti,
1685 2561 1814 2636 3313311

1067 2651 1152 2712 illam
1178 2649 1418 2710 substinendam
1442 2650 1557 2726 reliqui
1586 2653 1817 2718 3331333311]-

1068 2745 1172 2815 ciunt;
1197 2751 1323 2804 etcum
1348 2743 1477 2805 decreto
1506 2745 1607 2808 solius
1634 2748 1817 2826 signaturae

1068 2855 1125 2900 seu
1141 2837 1235 2899 etiam
1253 2837 1465 2914 expeditionis
1481 2837 1646 2901 literarum
1665 2857 1722 2920 per
1734 2843 1815 2903 viam

1068 2937 1235 3001 secretam,
1252 2936 1306 2991 aut
1328 2929 1367 2990 de
1389 2929 1494 3002 curia,
1513 2939 1544 2994 31
1559 2933 1643 3008 uruod
1661 2940 1818 2996 transum-

1070 3026 1130 3104 ptis
1154 3039 1249 3084 manu
1273 3023 1382 3084 datarti
1411 3039 1467 3084 seu
1489 3026 1659 3102 prodatarii
1683 3029 1819 3089 subscri·
1918 3011 1922 3019 ’

1070 3118 1131 3196 ptis
1154 3117 1232 3180 tides
1255 3115 1420 3176 habeatur.
1445 3117 1481 3178 A.
1507 3117 1724 3182 Su'bdatarius,

1111 3210 1287 3287 Registvata
1309 3208 1392 3270 libro
1408 3209 1532 3271 decimo
1549 3218 1659 3274 octavo
1682 3224 1820 3277 secreto-

1071 3302 1633 3380 rum,loliouuadragesimuoctavo.
1646 3307 1680 3368 Α.
1693 3309 1731 3370 de
1744 3309 1820 3370 liau-

1071 3397 1194 3460 ventiis.
1214 3397 1245 3456 F.
1264 3395 1387 3456 Petrus.
1405 3395 1520 3457 cratis:
1540 3398 1694 3475 vigesima
1711 3410 1820 3478 quarta

1071 3490 1272 3568 septembris.
1296 3488 1527 3550 maximilianus
1550 3491 1738 3570 Ullengbus.

1113 3584 1206 3646 llnno
1233 3581 1460 3643 incarnationis
1487 3583 1669 3646 Dominicae
1693 3585 1822 3649 millesi-

1075 3697 1127 3742 mo
1149 3675 1438 3754 septingentesimo
1461 3693 1556 3748 nono,
1575 3679 1625 3741 die
1648 3696 1726 3742 vero
1746 3683 1823 3744 duu-

1074 3774 1195 3836 decima
1212 3770 1416 3847 septembris,
1434 3771 1709 3836 eminentissimus
1728 3781 1759 3837 et
1775 3793 1824 3839 re·

1074 3865 1328 3930 verendissimus
1353 3863 1506 3925 Dominus
1522 3865 1634 3927 Petrus
1649 3867 1824 3930 cardinalis

1075 3957 1247 4024 cttboboni
1279 3971 1334 4033 per
1356 3972 1445 4018 suam
1469 3959 1636 4034 epistolam
1659 3964 1825 4023 retroscri-

1076 4061 1146 4132 ptae
1168 4049 1333 4114 cessationi
1363 4050 1532 4112 solutionis
1559 4055 1756 4132 retroscripti
1778 4073 1826 4116 ca-

1076 4147 1168 4210 nonis
1202 4161 1236 4204 33
1265 4143 1432 4204 literarum
1466 4145 1661 4222 expeditioni
1693 4165 1824 4210 consen-

1077 4241 1117 4301 sit
1138 4246 1198 4302 etc.
1223 4238 1262 4298 bl.
1279 4236 1395 4313 caspar
1418 4235 1544 4298 Staliart
1565 4239 1743 4316 deputatus.
1768 4275 1805 4286 -

1116 4333 1180 4407 Qua
1196 4329 1327 4408 quidem
1342 4329 1471 4391 caedula
1487 4339 1594 4393 rnotus
1614 4335 1734 4412 proprii
1752 4335 1826 4397 San·

1078 4426 1209 4490 ctissimi
1232 4423 1357 4486 Domini
1382 4424 1480 4484 nostri
1504 4424 1655 4503 inspecta,
1678 4443 1827 4504 praesens

1079 4517 1272 4595 transumpti
1294 4518 1549 4579 instrumentum
1572 4519 1704 4591 conieci,
1726 4522 1827 4584 311111

1080 4615 1158 4677 fides
1181 4611 1346 4680 trabeatus,
1371 4609 1504 4687 perinde
1526 4628 1560 4672 ac
1582 4629 1640 4674 suo
1668 4615 1826 4692 originali.

1081 4710 1195 4770 Actum
1228 4711 1263 4766 ut
1294 4719 1404 4781 supra,
1439 4706 1659 4781 praesentibus·
1692 4709 1829 4771 dominis

1081 4800 1220 4864 Antonio
1235 4797 1401 4874 ciorgetto
1417 4805 1449 4858 et
1464 4798 1580 4860 loanne
1600 4799 1734 4877 Baptista
1752 4803 1830 4864 llat-

1082 4893 1248 4957 nuccbello
1271 4890 1405 4954 testibus
1434 4900 1493 4951 etc.
1519 4891 1716 4954 Praeinserta
1742 4897 1830 4957 sclie-

1083 4989 1155 5051 dula
1183 4994 1288 5049 motus
1322 4986 1442 5064 proprii
1475 4982 1670 5048 sanctissimi
1705 4988 1831 5051 bomini

1083 5083 1185 5145 nostri
1217 5078 1393 5143 clementis
1425 5077 1524 5156 Papae
1559 5079 1725 5142 Undecimi
1758 5097 1830 5142 cum

1083 5177 1212 5239 decreto
1227 5172 1327 5234 solius
1343 5172 1536 5247 signaturae,
1554 5189 1626 5233 cum
1643 5191 1698 5234 333
1714 5175 1831 5253 suppli-

1084 5270 1205 5332 catione
1228 5265 1374 5342 originali
1398 5265 1501 5326 revisa
1523 5267 1704 5330 concordat.

1419 5643 1496 5706 vill.

1090 5831 1293 5895 cardinalem
1315 5832 1351 5892 de
1378 5833 1527 5894 lburuoa
1549 5833 1664 5895 ductus
1686 5835 1720 5896 13
1751 5833 1836 5897 Sinis

1126 5925 1270 5990 liuditum
1301 5927 1520 5989 amantissimo
1547 5929 1743 5999 consolatur,
1772 5943 1837 5991 cer·

1744 537 1782 598 87
1842 531 2018 590 ,13111709
