4814 6998
541 555 600 619 stt

563 692 581 765 g
603 690 631 752 lt.
655 689 736 754 Cum
752 690 914 753 Romanus
930 687 1076 750 Pontifex
1099 688 1270 766 primatum

522 783 555 844 in
577 784 779 856 universam,
804 799 864 862 qua
888 783 949 846 late
972 789 1074 860 patet,
1098 782 1269 844 Ecclesiam

521 877 592 939 iure
614 877 723 941 divino
746 879 897 948 obtineat,
921 885 983 938 tarn
1006 875 1153 954 Episcopi
1176 891 1270 952 quam

521 969 634 1032 Clerus
657 977 689 1032 et
710 971 848 1050 populus
870 970 971 1031 libere
994 984 1067 1031 cum
1093 969 1273 1047 Apostolica

522 1060 604 1125 Sede
626 1064 919 1126 communicabunt.

561 1157 630 1232 §tt
664 1157 884 1220 Gestaricense
916 1155 1117 1218 Gubernium
1154 1156 1273 1231 obliga-

523 1249 609 1312 tione
631 1266 665 1312 se
682 1250 855 1327 obstringit
870 1249 1049 1327 praestandi
1065 1255 1098 1312 et
1112 1249 1271 1325 integram

521 1344 670 1406 servandi
700 1345 807 1406 dotem
831 1359 889 1422 pro
918 1343 1090 1421 Episcopo,
1114 1343 1271 1420 Capitulo,

523 1437 714 1510 seminario,
738 1447 770 1500 et
792 1437 890 1500 divini
918 1437 1023 1499 cultus
1053 1453 1087 1498 ac
1111 1453 1272 1498 sacrarum

521 1531 648 1594 aedium
671 1531 821 1610 expensis
838 1546 935 1609 super
957 1530 1064 1593 lundis
1086 1531 1199 1591 aerarii
1215 1531 1273 1592 Go-

521 1621 702 1684 staricensis
729 1621 867 1684 nationis
898 1621 985 1682 iuxta
1016 1621 1272 1697 designationem

522 1714 555 1778 iu
578 1716 641 1777 dne
658 1716 754 1778 buius
777 1716 1000 1778 conventionis
1019 1731 1215 1792 expressam.
1234 1716 1274 1776 Et

521 1809 649 1885 quoties
668 1823 770 1872 novae
792 1809 952 1872 dioeceses
968 1815 1065 1870 erunt
1086 1809 1271 1885 erigendae,

522 1903 632 1964 eadem
665 1917 778 1964 norma
811 1902 918 1964 locum
951 1903 1082 1964 babebit
1107 1919 1166 1980 pro
1198 1903 1273 1964 clete

521 1994 677 2074 cuiusque
699 1996 862 2068 ecclesiae,
887 1996 1014 2074 capituli
1040 2004 1072 2059 et
1097 1997 1272 2058 seminarii.

522 2089 602 2152 Cum
626 2098 732 2152 autem
749 2089 934 2152 huiusmodi
958 2091 1048 2153 dotes
1069 2091 1274 2165 assignentur

522 2183 793 2260 compensatione,
811 2187 876 2244 imo
893 2183 961 2246 loco
978 2183 1188 2254 decimarum,
1205 2183 1273 2259 qui-

524 2276 582 2338 bus
618 2277 678 2338 boo
714 2277 809 2338 modo
850 2276 1036 2354 supplendis
1073 2276 1272 2338 Gubernium

522 2370 649 2449 propria
670 2370 756 2432 illius
778 2370 838 2432 loci
867 2371 1012 2432 utilitatis
1035 2387 1125 2432 causa
1152 2387 1168 2430 a
1191 2369 1273 2432 Sede

523 2463 701 2542 Apostolica
733 2463 919 2524 huiusmodi
951 2463 1076 2525 veniam
1116 2464 1206 2541 petiit
1243 2470 1274 2524 et

523 2557 672 2628 obtinuit,
696 2557 814 2620 idcirco
836 2558 926 2620 dotes
949 2558 1034 2636 ipsae
1058 2557 1220 2619 babendae
1242 2574 1274 2618 o-

523 2651 635 2713 mnino
651 2659 760 2721 erunt,
784 2659 881 2729 prout
901 2657 988 2722 sunt,
1007 2651 1100 2712 titulo
1124 2667 1271 2722 oneroso,

523 2760 557 2805 ac
579 2751 749 2822 propterea
764 2745 963 2808 Gubernium
981 2752 1142 2821 tamquam
1160 2761 1272 2806 verum

523 2837 682 2900 Ecclesiae
705 2839 862 2901 creditum
887 2855 962 2914 erga
985 2839 1147 2901 nationem
1168 2838 1275 2898 Costa-

523 2931 683 2992 ricensem
712 2932 802 2994 dotes
831 2932 913 3009 ipsas
941 2933 1095 3007 agnoscit,
1126 2947 1206 3008 quae
1232 2933 1273 2992 ita

523 3024 713 3097 liberorum,
738 3041 794 3102 seu
817 3025 949 3086 omnino
972 3025 1271 3102 independentium,

523 3119 708 3182 reddituum
738 3125 885 3179 naturam
917 3119 1141 3194 rationemque
1169 3119 1272 3195 acqui-

523 3221 607 3274 rent.

562 3308 580 3380 ἓ
601 3305 631 3367 6.
656 3306 787 3368 Parochi
804 3313 941 3385 pergent
963 3307 1096 3382 exigere
1118 3306 1273 3384 primitias

523 3405 555 3460 et
576 3401 813 3473 emolumenta,
837 3415 918 3477 quae
940 3419 956 3462 a
978 3399 1058 3460 stola
1089 3415 1274 3477 nuncupan-

524 3499 596 3564 tur,
630 3493 719 3555 salvo
749 3493 911 3556 ordinario
946 3493 1017 3553 iure
1049 3493 1126 3554 baec
1161 3494 1271 3554 eadem

522 3587 743 3649 emolumenta
761 3588 793 3648 in
817 3587 942 3666 propria
959 3587 1096 3648 dioecesi
1120 3587 1273 3664 religiose

523 3679 689 3743 ordinandi
711 3696 769 3758 per
791 3688 1004 3759 opportunam
1029 3681 1147 3754 legem,
1172 3683 1274 3743 donec

522 3775 668 3850 parocbis
690 3773 764 3852 ipsis
784 3789 938 3852 congrua,
957 3781 1034 3846 tuta,
1052 3776 1272 3852 independens

522 3867 578 3929 dos
601 3867 699 3930 luerit
726 3869 877 3931 attributa
904 3887 919 3930 a
947 3869 1121 3942 Gubernio,
1151 3871 1273 3932 collatis

522 3961 659 4024 invicem
683 3978 781 4042 super
798 3964 854 4024 bac
876 3979 911 4024 re
933 3979 1005 4024 curn
1024 3963 1161 4040 propriis
1184 3963 1273 4026 Ordi-

522 4055 618 4134 nariis
637 4057 790 4118 consiliis.

560 4149 578 4223 ἓ
601 4149 629 4212 7.
653 4148 699 4211 ob
716 4151 892 4228 praedictae
908 4151 989 4212 dotis
1008 4151 1270 4227 assignationem,

520 4257 601 4320 quae
638 4250 823 4322 praesentes
860 4245 1056 4306 decimarum
1094 4253 1271 4321 proventus

520 4345 661 4415 superat,
675 4353 821 4414 quaeque
837 4354 876 4399 ex
892 4339 991 4415 ipsius
1007 4337 1161 4399 Garberuii
1177 4355 1271 4411 spon-

520 4431 611 4492 sione
638 4431 796 4508 copiesior
825 4432 935 4494 tuturo
966 4439 1110 4510 tempore
1140 4434 1271 4506 evadet,

521 4523 675 4586 Summus
704 4525 850 4587 Pontilex
880 4526 1017 4586 Praesidi
1046 4525 1272 4587 dostaricensis

521 4617 725 4694 Reipublicae
741 4618 877 4695 eiusque
899 4617 931 4679 in
954 4635 1090 4680 munere
1111 4635 1273 4681 successo-

522 4709 612 4772 ribus
634 4713 780 4773 concedit
801 4719 984 4789 patronatus
1006 4713 1073 4784 ius,
1096 4729 1151 4774 seu
1176 4713 1272 4790 privi-

440 4837 445 4844 ·
523 4803 645 4880 legium
669 4806 869 4883 proponendi
891 4805 923 4866 in
946 4805 1088 4882 qualibet
1109 4808 1272 4868 vacatione

521 4897 672 4959 ecclesiae
692 4897 723 4960 S.
740 4899 914 4976 losepbiet
929 4899 1061 4961 aliarum
1078 4901 1109 4961 in
1126 4917 1164 4961 eo
1180 4901 1272 4962 terri-

525 4991 605 5052 torio
619 4991 847 5068 erigendarum
862 4993 1068 5055 ecclesiarum
1081 4994 1195 5069 dignos
1207 4994 1272 5054 ido-

524 5101 667 5162 neosque
690 5085 917 5149 ecclesiasticos
940 5088 1038 5158 viros,
1064 5088 1100 5148 iis
1123 5088 1272 5149 omnibus

526 5179 654 5240 dotibus
676 5181 848 5258 praeditos,
872 5195 950 5258 quas
973 5179 1028 5243 SS.
1052 5181 1197 5244 Canones
1223 5199 1273 5244 re-

523 5272 672 5348 quirunt,
691 5280 723 5334 et
745 5273 828 5335 idem
847 5273 1000 5336 Summus
1016 5275 1162 5336 Pontilex
1185 5275 1270 5335 iuxta

522 5368 731 5446 praescriptas
763 5367 801 5428 ab
823 5368 963 5430 Ecclesia
993 5369 1121 5446 regulas
1158 5369 1271 5432 iisdem

521 5460 600 5521 viris
623 5460 805 5523 canonicam
822 5460 1057 5525 institutionem
1082 5478 1121 5523 ex
1139 5478 1272 5524 consue-

523 5553 562 5614 tis
598 5553 710 5614 lormis
748 5555 844 5616 dabit.
878 5556 1041 5632 Designati
1071 5571 1151 5617 vero
1182 5556 1272 5618 nullo

523 5648 619 5709 modo
641 5663 712 5708 sese
727 5650 937 5712 commiscere
953 5658 1106 5729 poterunt
1121 5651 1272 5727 regimini

523 5747 555 5801 et
571 5741 835 5804 administrationi
852 5743 937 5806 illius
953 5743 1104 5806 ecclesiae
1123 5745 1158 5804 ad
1177 5760 1270 5820 quam

522 5833 648 5896 luerint
680 5837 849 5908 nominati,
882 5845 1052 5914 antequam
1088 5838 1273 5916 apostolicas

521 5929 688 5990 canonicae
705 5928 915 5992 institutionis
933 5930 1054 5992 litteras
1075 5931 1270 6008 exceperint,

1048 571 1239 617 reacuntis
1260 571 1317 617 SEU
1340 569 1553 618 CONCORDATA

1329 693 1425 765 prout
1449 685 1528 748 sacri
1550 703 1687 748 canones
1710 686 1942 766 praescribunt.
1966 684 2079 761 Reipu-

1329 780 1428 844 blicae
1448 781 1579 842 Praeses
1594 797 1659 844 non
1674 781 1758 844 ultra
1774 797 1893 843 annum
1916 799 1931 842 a
1946 777 2080 840 vacatio·
2136 783 2139 788 “

1329 875 1378 936 nis
1395 874 1445 936 die
1468 875 1669 936 nominatum
1692 875 1919 953 praesentabit.

1368 971 1386 1044 ἓ
1407 968 1437 1030 8.
1462 969 1580 1030 Eadem
1596 970 1635 1030 de
1658 985 1747 1032 causa
1765 968 1918 1032 Summus
1934 966 2078 1030 Pontilex

1328 1061 1531 1140 Reipublicae
1567 1063 1705 1124 Praesidi
1738 1063 1900 1124 indultum
1937 1062 2081 1124 concedit

1329 1156 1515 1218 nominandi
1531 1157 1568 1217 ad
1584 1171 1696 1218 omnes
1719 1155 1855 1234 Capituli
1871 1155 2078 1233 praebendas,

1329 1248 1397 1309 sive
1412 1249 1474 1310 sint
1490 1249 1672 1326 dignitates,
1696 1249 1764 1310 sire
1780 1249 1994 1318 canonicatus,
2012 1249 2079 1308 sive

1329 1343 1480 1404 inferiora
1504 1343 1669 1413 benelicia,
1690 1359 1792 1420 usque
1815 1345 1850 1404 ad
1874 1357 1931 1404 sex
1958 1343 2080 1404 dumta-

1330 1445 1393 1506 xat,
1418 1443 1547 1514 excepta
1571 1437 1672 1514 prima
1688 1436 1854 1512 dignitate,
1872 1451 1953 1512 quae
1978 1435 2078 1497 libere

1330 1526 1461 1592 Sanctae
1482 1527 1573 1590 Sedis
1595 1529 1756 1590 collationi
1778 1535 1941 1589 reservata
1957 1543 2085 1606 perma--
2146 1535 2147 1539 ’

1330 1631 1395 1693 net,
1420 1638 1564 1685 necnon
1588 1622 1761 1700 tbeologali
1785 1629 1816 1684 et
1838 1620 2081 1700 poenitentiario

1330 1715 1532 1794 praebendis,
1566 1732 1647 1792 quae
1680 1715 1718 1776 ab
1742 1715 1917 1794 Episcopis,
1951 1714 2082 1792 praevio

1331 1811 1556 1889 experimento
1587 1827 1644 1872 seu
1676 1825 1834 1872 concursu
1866 1809 1928 1872 rite
1960 1809 2079 1878 habito,

1330 1906 1367 1966 iis
1390 1903 1610 1976 conterentur,
1635 1919 1715 1981 quos
1738 1903 1902 1980 digniores
1925 1903 2082 1964 iudicare-

1331 2001 1405 2060 rint.
1441 1998 1644 2076 Reipublicae
1677 1998 1818 2070 Praeses,
1853 1997 1918 2058 illis
1952 2012 2081 2075 semper

1331 2092 1483 2170 exceptis,
1508 2092 1543 2152 ad
1574 2107 1630 2152 sex
1659 2091 1729 2153 illas
1758 2091 1953 2169 praebendas
1981 2091 2083 2151 nomi-

1332 2186 1428 2256 nabit,
1446 2200 1526 2262 quae
1543 2185 1684 2263 primum
1702 2191 1869 2246 vacaturae
1884 2191 1970 2256 sunt,
1987 2199 2083 2262 quae·

1332 2295 1394 2356 que
1429 2279 1465 2340 ad
1502 2279 1599 2355 ipsius
1634 2277 1888 2340 nominationem
1925 2283 2082 2356 perpetuo

1332 2373 1551 2450 pertinebunt.
1569 2371 1703 2448 Reliqua
1717 2379 1824 2434 autem
1848 2371 2081 2448 cuiuscumque

1332 2467 1459 2528 tandem
1493 2465 1600 2527 classis
1634 2473 1665 2527 et
1695 2466 1823 2527 numeri
1857 2465 1964 2526 lutura
1996 2466 2081 2536 sint,

1331 2560 1483 2635 quoniam
1505 2559 1537 2620 in
1567 2559 1745 2638 praesentia
1776 2565 1841 2620 tres
1864 2564 1986 2619 tantum
2017 2558 2084 2620 exi-

1331 2659 1431 2724 stunt,
1449 2653 1486 2714 ab
1502 2653 1666 2730 Episcopis
1682 2637 1902 2714 conle'rentur.
1920 2651 1952 2714 ld
1976 2658 2084 2714 tanmn

1332 2762 1395 2807 non
1418 2746 1752 2824 impedit·quominus
1777 2745 1856 2807 aliae
1882 2747 2084 2824 praebendae

1331 2841 1363 2900 in
1379 2839 1532 2917 Capitulis
1549 2840 1670 2918 possint
1691 2840 1827 2912 institui,
1845 2857 1926 2918 quae
1949 2856 2007 2917 per
2026 2856 2084 2917 pu-

1332 2933 1449 2994 blicum
1464 2935 1725 3011 experimentum
1739 2949 1795 2994 seu
1809 2947 2001 2996 concursum
2015 2933 2084 2994 vel·

1331 3027 1377 3088 uti
1400 3028 1480 3089 (luae
1502 3026 1651 3104 superius
1667 3035 1863 3088 memoratae
1888 3027 2081 3088 obtinendae

1331 3123 1409 3192 sint,
1441 3137 1522 3198 quae
1556 3121 1657 3182 semel
1690 3121 1731 3180 ita
1765 3122 1955 3183 constitutae
1991 3122 2088 3183 nullo

1331 3216 1426 3276 modo
1449 3215 1564 3274 variari
1587 3221 1752 3290 poterunt.

1370 3310 1388 3382 ἓ
1418 3307 1448 3369 9.
1486 3307 1651 3370 Paroeciae
1687 3323 1798 3386 orrtnes
1830 3309 1916 3369 iuxta
1946 3307 2078 3372 Concilii

1331 3401 1508 3463 Tridentini
1545 3401 1738 3478 praescripta
1778 3401 1987 3464 conterentur
2022 3419 2081 3479 per

1331 3494 1494 3572 publicum
1512 3494 1772 3571 experimentum
1794 3511 1851 3556 seu
1874 3511 2078 3566 concursum,

1330 3603 1394 3664 quo
1410 3588 1567 3659 absoluto,
1585 3588 1732 3666 Episcopi
1756 3597 1819 3649 tres
1839 3605 1879 3650 ex
1901 3589 2088 3667 approbatis

1330 3681 1533 3758 Reipublicae
1554 3681 1691 3743 Praesidi
1715 3683 1974 3758 praesentabunt.
1991 3691 2027 3745 ut
2041 3701 2082 3746 ex

1331 3776 1368 3835 iis
1391 3776 1560 3853 propositis
1582 3791 1682 3836 unum
1700 3775 1814 3854 seligat
1835 3777 1920 3838 iuxta
1942 3793 2078 3850 morem,

1330 3871 1384 3944 qui
1410 3887 1426 3929 a
1450 3869 1616 3946 guberniis
1643 3869 1811 3932 limoricae
1833 3869 2013 3946 Regionum
2042 3874 2078 3932 ad

1330 3963 1492 4042 Hispanias
1515 3963 1590 4024 olim
1615 3963 1847 4040 pertinentium
1877 3965 2078 4026 observatur.

1369 4058 1388 4130 ς
1411 4053 1458 4116 l0.
1483 4055 1593 4118 Sancta
1617 4053 1716 4117 Sedes
1739 4055 1870 4134 proprio
1891 4063 1987 4118 utens
2009 4057 2082 4119 iure

1330 4165 1428 4211 novas
1451 4149 1614 4212 dioeceses
1636 4150 1751 4226 eriget,
1775 4168 1810 4212 ac
1834 4165 1932 4211 novas
1954 4167 2081 4212 earum-

1329 4244 1401 4304 dem
1426 4253 1558 4320 peraget
1589 4245 1913 4322 circumscriptiones,
1945 4259 2018 4306 cum
2048 4246 2078 4306 id

1330 4337 1473 4399 bdelium
1509 4339 1679 4400 necessitas
1711 4347 1764 4400 aut
1795 4337 1914 4400 utilitas
1943 4339 2081 4416 postula-

1330 4431 1424 4492 verit.
1460 4431 1708 4504 Verumtamen,
1743 4433 1797 4493 ubi
1830 4433 1860 4493 id
1894 4433 2079 4510 contigerit,

1329 4541 1401 4585 cum
1423 4523 1635 4586 Gestaricensi
1662 4525 1826 4587 Gubernio
1853 4526 1983 4587 consilia
2005 4543 2081 4588 con·

1330 4617 1422 4678 leret.
1441 4619 1473 4679 ln
1487 4633 1677 4695 unaquaque
1694 4620 1869 4682 earumdem
1883 4619 2077 4680 dioecesium

1329 4712 1515 4773 instituetur
1531 4713 1758 4775 canonicorum
1777 4712 1951 4790 capitulum
1968 4715 2000 4774 'et
2014 4713 2079 4791 epi·

1329 4803 1455 4882 scopale
1487 4805 1697 4866 seminarium
1734 4805 2006 4866 accommodatum
2041 4808 2078 4867 ad

1330 4897 1408 4958 cleri
1444 4899 1623 4959 dioecesani
1660 4913 1835 4959 numerum
1870 4905 1902 4960 et
1936 4897 2077 4976 ipsarum

1330 4993 1524 5054 dioecesium
1549 4991 1753 5069 indigentias.
1785 4993 1845 5052 Pro
1877 4992 1951 5054 dote
1974 4993 2079 5054 cuius-

1329 5101 1392 5162 que
1423 5086 1526 5156 sedis,
1560 5085 1689 5163 capituli
1721 5094 1752 5147 et
1781 5085 1963 5158 seminarii,
1997 5101 2078 5162 quae

1330 5179 1482 5255 erigenda
1505 5187 1613 5250 erunt,
1631 5195 1665 5266 ea
1688 5195 1800 5240 norma
1824 5180 1886 5242 erit
1904 5182 2077 5257 sequenda,

1330 5289 1410 5350 quae
1425 5281 1541 5335 statuta
1563 5283 1611 5334 est
1635 5289 1690 5351 pro
1705 5273 1917 5336 Costaricensi
1933 5275 2077 5347 ecclesia,

1330 5381 1410 5442 quae
1441 5367 1681 5446 quamprimum
1707 5367 1933 5429 canonicorum
1959 5369 2076 5446 capitu·

1330 5461 1397 5522 lum
1429 5461 1559 5523 babebit
1592 5462 1795 5523 ellormatum
1831 5461 1919 5523 iuxta
1948 5463 2076 5524 schema

1329 5555 1466 5618 interius
1488 5554 1711 5617 referendum.
1741 5555 1775 5616 ln
1798 5556 1969 5617 seminaria
1994 5557 2076 5619 exci-

1330 5649 1460 5728 pientur
1482 5659 1514 5714 et
1536 5651 1747 5711 instituentur
1769 5650 1855 5710 iuxta
1874 5648 2077 5711 Tridentinae

1330 5745 1450 5823 synodi
1474 5745 1665 5823 praescripta
1695 5746 1716 5805 ii
1738 5743 1968 5815 adolescentes,
1999 5759 2078 5820 quos

1331 5839 1477 5916 Episcopi
1501 5855 1539 5900 ex
1562 5839 1689 5916 propria
1714 5837 1867 5898 dioecesis
1890 5839 2078 5898 necessitate

1335 5933 1385 5993 vol
1410 5933 1546 5996 utilitate
1561 5932 1776 5994 admittendos
1797 5947 1866 5992 esse
1881 5929 2076 5992 censuerint.
