4836 7002
339 593 390 648 An.
404 593 432 649 C.
447 593 515 652 1844
570 595 631 659 444
1071 616 1137 662 rua.
1160 614 1253 661 4444.
1276 613 1317 660 44
1339 613 1369 660 4.
1393 612 1423 660 4.
1446 611 1530 659 rans
1551 613 1573 659 r.
2102 631 2106 640 ·
2143 599 2192 655 44.
2206 601 2233 656 G.
2250 599 2321 656 4845

552 730 729 810 impressis,
760 748 855 796 manu
888 741 994 798 tamen
1022 735 1156 798 alicuius
1184 731 1296 795 4444411
1356 743 1557 808 quacumque
1579 731 1619 793 de
1648 747 1740 794 causa
1768 731 1849 804 latis,
1872 731 1998 809 siquas
2021 731 2104 794 lorte

553 824 672 902 publici
697 827 883 905 subscriptis
906 837 938 892 et
959 828 1065 907 sigillo
1091 841 1244 906 personae
1266 826 1297 888 in
1355 825 1562 897 incurrerint,
1587 825 1683 888 buius
1704 831 1828 888 tantum
1854 827 1900 888 rel
1927 826 2027 904 gratia
2052 826 2104 887 ab·

553 917 762 981 ecclesiastica
776 920 930 998 dignitate
944 921 1133 984 constitutae
1154 921 1297 992 munitis,
1355 916 1519 978 441444444
1532 924 1563 980 44
1573 917 1736 981 444414444
1749 919 1817 981 4444
1828 929 2009 993 444444444,
2019 935 2104 982 44411-

553 1011 664 1074 eadem
677 1027 808 1092 prorsus
820 1015 898 1077 4444
913 1016 1112 1087 adhibeatur,
1127 1029 1207 1092 quae
1222 1014 1299 1092 ipsis
1356 1018 1564 1074 memoratam
1581 1011 1792 1091 episcopalem
1809 1013 1972 1076 ecclesiam
1989 1013 2020 1076 S.
2039 1012 2105 1076 Sal·

553 1106 774 1183 praesentibus
796 1108 1015 1182 adhiberetur,
1036 1109 1061 1170 si
1083 1107 1190 1172 lorent
1211 1107 1300 1170 exbi-
1356 1103 1474 1166 valoris
1495 1106 1528 1167 in
1551 1105 1697 1167 41444144
1721 1103 1862 1168 Ceutrali
1888 1107 1921 1168 in
1944 1106 2102 1193 basilicam

552 1198 636 1262 bitae
666 1200 719 1263 441
752 1207 907 1266 ostensae.
940 1202 1027 1266 Nulli
1056 1219 1135 1281 ergo
1167 1202 1299 1264 omnino
1356 1198 1515 1260 minorem
1533 1198 1618 1261 bisce
1638 1199 1765 1271 litteris,
1788 1200 1975 1264 auctoritate
1996 1210 2104 1265 nostra

553 1293 721 1355 bominum
737 1294 829 1357 liceat
847 1297 993 1374 paginam
1016 1297 1095 1358 114114
1117 1301 1298 1359 4444444441

552 1387 856 1462 dismembrationis,
880 1389 1099 1463 seiunctionis,
1127 1391 1298 1468 separatio-

552 1480 613 1552 nis,
630 1481 811 1555 ereotionis,
829 1484 1049 1558 institutionis,
1062 1479 1296 1562 assignationis,

551 1573 787 1649 attributionis,
820 1576 1042 1648 subiectionis,
1073 1577 1296 1650 concessionis,

553 1665 681 1740 indulti,
703 1670 948 1742 commissionis,
969 1671 1194 1749 deputationis,
1212 1685 1299 1732 man·

553 1760 627 1834 dati,
641 1761 773 1834 decreti,
788 1764 1003 1841 derogationis
1018 1781 1051 1826 ac
1067 1763 1240 1826 voluntatis
1252 1765 1299 1826 in-

553 1855 698 1934 44144444
719 1857 772 1920 441
792 1859 822 1920 41
836 1875 914 1921 ausu
931 1859 1105 1921 temerario
1120 1858 1297 1934 contraire3

553 1949 579 2011 si
601 1949 673 2027 quis
694 1958 802 2014 autem
827 1952 885 2014 444
905 1958 1063 2016 444444444
1078 1967 1299 2030 praesumpse-

553 2045 611 2116 rit,
642 2045 896 2122 indignationem
925 2044 1159 2125 Omnipotentis
1185 2046 1241 2108 liei
1265 2063 1299 2109 ac

553 2137 724 2200 Beatorum
740 2139 825 2202 Petri
841 2145 873 2202 et
887 2140 973 2202 Pauli
985 2140 1215 2220 Apostolorum
1230 2141 1299 2202 elus

553 2248 587 2295 se
610 2232 740 2295 4444414
760 2233 977 2296 incursurum.

593 2325 705 2388 ilatum
735 2325 864 2400 14411144,
894 2329 975 2406 4444
999 2327 1030 2390 S.
1056 2328 1183 2391 Mariam
1207 2329 1300 2392 14414-

553 2437 634 2495 rem,
658 2437 708 2484 an.
726 2420 880 2484 incarnat.
898 2421 1079 2484 Dominicae
1098 2439 1298 2496 1144444444,

552 2515 682 2579 1141141.
706 2522 782 2586 444,
806 2521 893 2592 4444.
917 2515 1018 2576 444441
1039 2532 1200 2580 annexu.

899 2755 951 2820 xl.

627 2891 768 2956 Ecclesia
788 2891 974 2972 episcopalis
996 2891 1026 2955 S.
1051 2891 1229 2957 Salvatoris

598 2985 796 3066 4414144414
824 2983 989 3050 baeticum
1018 2987 1253 3070 4414444414).

727 3153 945 3223 sustollitis
969 3155 1030 3223 ΡΡ.
1053 3157 1124 3223 11111.

672 3277 708 3343 44
731 3282 906 3362 4444444441
930 3279 973 3345 441
996 3279 1177 3346 memoriam.

1355 1292 1536 1370 4444441144,
1547 1300 1704 1371 44444444
1716 1293 1885 1357 evehimus
1897 1301 1929 1356 et
1940 1295 2104 1358 constitui-

1356 1400 1427 1446 mus
1449 1401 1521 1446 cum
1545 1385 1696 1448 omnibus
1714 1395 1747 1450 et
1761 1387 1897 1464 singulis
1913 1388 2101 1467 privilegiis,

1356 1479 1483 1556 gratiis,
1515 1481 1794 1557 praeeminentiis,
1825 1482 2101 1560 exemptionibus,

1355 1572 1505 1646 indultis,
1537 1575 1653 1651 quibus
1677 1575 1756 1636 aliae
1781 1575 1932 1638 ecclesiae
1958 1575 2104 1640 basilicae

1355 1667 1496 1730 minores
1526 1668 1711 1732 huiusmodi
1739 1669 1983 1747 quomodolibet
2009 1678 2104 1732 utun-

1356 1769 1419 1834 tur,
1443 1763 1598 1825 iruuntur
1625 1764 1677 1827 rel
1700 1765 1746 1826 uti
1768 1780 1802 1826 ac
1825 1763 1888 1827 lrni
1917 1771 2052 1843 possunt
2072 1773 2104 1827 44

1357 1863 1519 1934 44444444,
1543 1865 1638 1934 atque
1660 1859 1806 1920 eamdem
1832 1857 1997 1920 ecclesiam
2026 1858 2104 1920 basi·

1356 1949 1446 2012 licam
1479 1949 1631 2027 appellari
1661 1950 1812 2013 volumus
1844 1957 1877 2013 44
1905 1951 2101 2013 mandamus.

1355 2042 1572 2106 decernentes
1586 2043 1640 2104 bas
1651 2051 1834 2122 praesentes
1849 2045 1971 2107 litteras
1983 2045 2102 2118 lirmas,

1355 2135 1472 2197 validas
1495 2143 1527 2198 44
1548 2135 1689 2198 efficaces
1710 2137 1849 2200 existere
1872 2143 1905 2200 44
1922 2137 1991 2200 4444
2015 2153 2104 2200 4444-

1356 2243 1419 2308 que
1442 2229 1600 2308 plenarios
1622 2236 1655 2292 44
1675 2231 1820 2308 14444444
1842 2231 1972 2294 44144444
1994 2233 2104 2294 4444141

1356 2331 1388 2386 44
1403 2324 1562 2397 obtinere,
1578 2324 1702 2398 acidis,
1719 2325 1755 2387 44
1772 2340 1852 2402 quos
1864 2331 1985 2404 spectat
1999 2335 2031 2389 et
2046 2341 2104 2404 pro

1357 2423 1502 2496 tempore
1523 2418 1688 2496 spectabit,
1706 2419 1738 2480 in
1754 2419 1902 2481 omnibus
1918 2425 1950 2481 44
1966 2436 2022 2497 444
2037 2435 2104 2482 om-

1357 2511 1407 2573 nia
1429 2511 1615 2589 plenissime
1637 2512 1804 2589 suflragari
1827 2519 1859 2574 44
1879 2513 1917 2575 44
1936 2513 1982 2576 414
1997 2530 2104 2594 respe-

1356 2606 1440 2667 44144
1464 2605 1693 2668 inviolabiliter
1721 2607 1906 2682 observari3
1939 2607 2050 2685 sicque
2071 2609 2104 2670 in

1357 2699 1548 2776 praemissis,
1572 2715 1629 2778 per
1650 2715 1871 2778 quoscumque
1887 2701 2007 2764 iudices
2022 2703 2105 2764 ordi·

1356 2793 1462 2856 uarios
1477 2801 1509 2856 et
1523 2794 1696 2871 delegatos,
1714 2795 1808 2856 etiam
1821 2811 1987 2858 causarum
2000 2795 2104 2874 palatii

1356 2887 1459 2949 nostrl
1479 2887 1643 2965 apostolici
1664 2887 1837 2961 auditores,
1858 2889 1990 2952 iudicari
2005 2897 2038 2953 44
2052 2891 2103 2953 44-

1357 2982 1442 3044 44141
1465 2981 1594 3054 444444,
1611 2982 1788 3045 4414414441
1804 2985 1955 3057 4414444,
1972 2984 2103 3047 4144444

1355 3078 1524 3155 44444414
1546 3095 1561 3138 4
1583 3091 1756 3154 quoquam,
1780 3078 1891 3156 quavis
1905 3080 2104 3154 auctoritate,

1356 3171 1569 3234 44144444441
1593 3172 1782 3248 ignoranter
1809 3173 2104 3250 44444441444444-

1357 3265 1426 3326 tari.
1443 3264 1513 3326 Non
1529 3263 1739 3337 obstantibus,
1756 3265 1882 3342 quoties
1899 3281 1978 3345 opus
1994 3267 2102 3342 luerit,

1357 3357 1519 3420 Benedicti
1531 3355 1611 3420 xlv.
1626 3358 1878 3435 praedecessoris
1894 3361 1996 3422 nostri
2008 3377 2105 3441 super

590 3454 626 3518 ln
653 3455 784 3520 sublimi
812 3453 965 3534 Principis
996 3455 1225 3534 Apostolorum
1252 3475 1301 3522 na·
1356 3449 1513 3513 divisione
1535 3451 1754 3522 materiarum,
1771 3449 1905 3529 aliisque
1924 3455 2104 3531 apostolicis

553 3544 2105 3628 mmmfflmmmmmmmmmummmfflmwmfflfflmmu

551 3657 665 3706 arcano
686 3641 812 3705 4141444
834 3641 1054 3720 444414444144
1082 3645 1215 3707 44441114
1237 3647 1301 3709 col·
1355 3638 1562 3718 sinodalibus
1597 3638 1739 3701 0011411113
1774 3639 1867 3703 editis
1900 3641 2104 3717 generalibus

551 3736 655 3810 144441,
678 3753 712 3798 aa
733 3741 904 3815 propterea
925 3735 1131 3800 ecclesiarum
1154 3739 1300 3802 omnium
1357 3733 1406 3795 vel
1431 3732 1621 3810 specialibus
1652 3733 1935 3796 constitutionibus
1962 3743 1994 3797 et
2021 3737 2105 3798 ordi·

552 3845 627 3892 cura
648 3829 921 3892 nobisallomino
939 3830 1300 3903 444114111444,441141444-
1357 3827 1548 3898 nationibus,
1585 3843 1645 3889 444
1676 3843 1740 3888 4441
1775 3827 1921 3890 41444441
1953 3829 2104 3892 ecclesiae

553 3929 602 3986 ter
623 3922 768 3995 districti,
792 3922 920 3984 illarum
944 3923 1051 3986 decori
1073 3932 1169 4003 atque
1185 3927 1300 3990 honori
1356 3921 1451 3983 atiani
1466 3922 1649 3983 iuramento
1663 3927 1758 3997 atqua
1773 3921 2018 3984 sublimatione
2032 3939 2104 4002 apo·

552 4014 765 4079 libentisslme
797 4015 995 4078 consulimus
1023 4025 1118 4094 atque
1150 4021 1300 4098 prospici·
1356 4014 1464 4076 stolica
1487 4013 1537 4075 vel
1561 4013 1672 4091 quavis
1694 4013 1846 4076 firmitate
1867 4014 1925 4077 alia
1947 4015 2104 4078 roboratis

552 4125 635 4173 mus,
653 4109 888 4189 Exponeudum
905 4109 996 4172 uobis
1012 4111 1135 4174 curarit
1149 4127 1223 4176 ven.
1242 4113 1301 4177 lra—
1354 4107 1478 4170 statutis
1489 4105 1826 4180 etoonsuetudinibus,
1840 4111 2103 4187 ceterisquecum-

553 4211 601 4266 ter
623 4203 782 4283 Georgius
803 4205 843 4266 de
858 4203 959 4267 Vltori
982 4203 1158 4268 hodiernus
1174 4206 1301 4286 1141444-
1357 4201 1461 4263 1444114
1483 4201 1752 4278 quibuscumque.

552 4313 611 4377 pus
632 4312 734 4360 norae
755 4296 941 4376 episcopalis
963 4297 1114 4360 ecclesiae
1140 4297 1171 4361 S.
1196 4300 1300 4364 Salva·
1396 4295 1509 4358 ilatum
1526 4295 1653 4368 Rornae,
1668 4295 1749 4373 apud
1767 4293 1798 4357 S.
1816 4295 1959 4370 Petrum,
1976 4299 2037 4361 sub
2051 4317 2103 4362 an-

553 4391 630 4456 44414
656 4392 690 4454 14
712 4391 857 4454 Amerina
884 4390 1037 4464 Gentrali,
1067 4392 1136 4454 eius
1163 4393 1196 4455 in
1217 4397 1301 4457 rotis
1357 4391 1434 4454 nulo
1456 4390 1579 4462 Piscat,
1597 4389 1648 4451 414
1667 4405 1697 4450 x.
1715 4388 1868 4452 iebruarii
1888 4407 2102 4469 1144444444,

551 4485 697 4548 eamdem
720 4483 932 4563 episcopalem
961 4485 1125 4548 ecclesiam
1157 4486 1301 4551 basilicae
1358 4481 1875 4562 4444144444444444144441444.

552 4577 686 4639 minoris
708 4577 839 4639 nomine
860 4593 895 4638 ac
912 4576 1037 4640 iuribus
1052 4577 1227 4642 honestari.
1244 4579 1300 4642 lta-

552 4685 615 4748 que
629 4669 764 4749 supplici
779 4685 852 4732 cum
865 4685 988 4749 444444
1000 4670 1092 4733 nobis
1105 4671 1299 4750 efflagitavit,

552 4771 587 4826 ut
599 4763 782 4826 huiusmodi
793 4763 1072 4827 honorificentiam
1087 4763 1132 4828 illi
1149 4768 1301 4832 ecclesiae

551 4857 729 4920 concedere
750 4857 901 4920 velimus.

1610 4629 1857 4640 a———u—

1697 4723 1762 4786 xil.

1359 4861 1510 4942 Episcopo
1531 4859 1633 4922 141144
1658 4857 1832 4923 Caesareae
1845 4861 1971 4940 4144444
1984 4879 2105 4926 sucosa·

593 4951 657 5016 Nos
677 4951 777 5029 igitur
795 4953 855 5031 piis
869 4953 1014 5016 eiusdem
1030 4968 1104 5018 reu.
1123 4955 1227 5019 iratris
1250 4959 1301 5022 de·
1395 4952 1521 5018 44411444
1543 4950 2104 5037 44144444144444444444441444

551 5045 676 5108 41444114
708 5045 928 5109 obsecundare
962 5064 996 5110 ac
1026 5047 1113 5110 illius
1149 5050 1301 5115 ecclesiae
1396 5047 1835 5111 444441444444441444441
1865 5047 2105 5115 1441444441·

552 5140 649 5204 decus
670 5155 789 5217 augere
815 5139 991 5218 cupientes,
1015 5141 1201 5206 huiusmodi
1222 5145 1301 5222 peti·
1397 5147 1462 5204 tate
1482 5142 1608 5220 4144444
1628 5139 1759 5203 dioecesi
1781 5147 1921 5214 44441144,
1942 5143 1984 5207 44
1997 5145 2104 5210 icatur

554 5233 747 5295 41441414441
769 5233 948 5312 1144441444
970 5235 1077 5297 animo
1092 5238 1299 5301 annuendum
1399 5233 1790 5316 4444444144444444442).

551 5343 805 5495 ⁰mliirualnlalaltllirem
828 5403 1750 5504 4411114444414411144441444ί11Είὶο111υὸ
1774 5406 1834 5472 ΡΡ·
1859 5405 1930 5473 ’W'-

1475 5529 1511 5596 ad
1534 5533 1709 5614 4444444441
1733 5530 1776 5596 441
1800 5531 1982 5598 memoriam.

553 5514 612 5576 bae
632 5513 759 5578 litterae
781 5513 899 5587 444444,
923 5514 1075 5594 peculiari
1089 5516 1300 5582 beneficentia

552 5609 704 5688 prosequi
725 5608 884 5682 44144444,
909 5616 941 5671 44
959 5609 1157 5686 4441444414
1172 5627 1300 5675 444441-

553 5702 775 5766 manicationis
786 5707 818 5764 et
829 5703 989 5765 interdicti
999 5703 1217 5767 ecclesiasticis
1227 5722 1300 5769 cen·
1395 5707 1527 5771 Romani
1550 5705 1719 5769 Pontifices
1735 5707 1911 5786 praecipuis
1927 5707 2104 5771 honoribus

552 5795 648 5869 suris,
664 5795 834 5858 sententiis
848 5802 881 5857 ot
895 5796 1015 5873 poenis,
1032 5797 1147 5874 quovis
1159 5799 1300 5864 modoet
1355 5809 1387 5864 44
1421 5800 1598 5880 44141144114
1631 5817 1682 5863 444
1717 5801 1918 5879 potissimum
1955 5801 2104 5864 ecclesias
2215 5885 2218 5892 .

593 6009 623 6066 (1)
640 6011 676 6054 lix
691 6009 814 6056 44441414
827 6009 958 6057 Brerlum.
973 6035 1000 6044 —
1014 6013 1046 6069 (44
1063 6012 1125 6058 1414.
