4814 6992
330 513 506 573 1661611
561 517 582 580 8

543 656 576 713 61
596 650 762 714 declaratis
793 651 903 714 baberi
928 650 1094 732 volumus)
1121 667 1225 729 66666
1253 651 1288 714 ad

543 759 704 806 summam
716 744 806 808 mille
821 745 1010 808 ducatorum
1026 747 1142 810 anride
1154 747 1288 820 cameri,

543 845 607 900 tam
628 854 687 916 pro
709 838 896 902 decentibus
918 846 951 902 61
971 840 1115 903 honestis
1136 842 1291 920 impensis

543 931 745 1004 funebribus,
779 947 873 1008 quam
903 932 999 994 etiam
1022 949 1080 1011 pro
1104 950 1291 998 remunera-

544 1025 631 1088 tione
651 1024 795 1098 illorum,
820 1027 874 1102 qui
896 1025 959 1089 illis
984 1028 1169 1091 viventibus
1191 1031 1291 1093 inser-

543 1119 673 1192 vierint,
697 1119 792 1181 etiam
815 1121 898 1184 61113
919 1122 1043 1184 servitii
1068 1124 1233 1198 meritum,
1257 1142 1291 1188 ac

544 1215 576 1275 in
595 1215 774 1276 eorundem
793 1215 1058 1290 Patriarcbarum,
1073 1216 1291 1296 Arcbiepisoo·

471 1347 473 1350 -
545 1324 672 1386 porum,
697 1307 929 1387 Episcoporum
952 1316 984 1372 et
1012 1326 1125 1373 eornm
1148 1313 1291 1390 singulo-

544 1418 617 1463 rum
649 1401 965 1478 consanguineorum
994 1409 1026 1464 61
1057 1404 1219 1479 affinium,
1257 1422 1292 1468 ao

544 1510 826 1574 quorumcumque
843 1497 968 1573 piorum
984 1496 1130 1560 locorum
1147 1498 1290 1562 favorem

543 1597 576 1652 61
591 1605 697 1662 66616,
722 1595 755 1650 61
775 1589 850 1651 alias
873 1607 931 1669 pro
953 1591 1085 1654 arbitrio
1101 1599 1132 1654 et
1145 1593 1292 1656 volunta-

545 1690 575 1745 te
587 1699 701 1746 eorum
713 1689 746 1744 et
756 1683 928 1746 cuiuslibet
941 1700 1053 1747 eorum
1069 1686 1227 1765 (absoluto
1244 1687 1292 1768 (1)

544 1777 632 1855 61166
654 1783 762 1838 tamen
783 1777 822 1838 de
838 1777 987 1840 omnibus
1009 1778 1102 1840 bonis
1123 1781 1291 1858 praedictis

543 1889 620 1934 aere
639 1871 755 1944 alieno,
779 1878 811 1933 61
832 1871 881 1944 116,
899 1887 980 1949 6636
996 1888 1054 1950 616
1076 1875 1291 1938 restaurandis

543 1965 692 2028 domibus
718 1981 775 2028 666
803 1964 953 2028 aediliciis
985 1967 1233 2030 consistentibus
1259 1969 1291 2030 in

543 2060 622 2124 locis
650 2059 858 2122 ecclesiarum
887 2059 940 2121 vel
973 2060 1205 2124 beneficiorum
1235 2079 1291 2141 per

544 2155 676 2216 eosdem
698 2154 1185 2235 1661316166,11611661666666
1208 2164 1240 2220 61
1253 2157 1291 2219 Ε-

543 2250 700 2328 61666666,
724 2266 758 2311 66
780 2265 894 2311 eorum
916 2249 1061 2326 singulos
1084 2251 1291 2314 obtentorum

543 2343 634 2422 culpa
655 2350 710 2406 aut
731 2343 927 2422 negligentia
952 2345 1293 2409 eorumdempatriar-

543 2437 695 2510 charum,
719 2437 1042 2516 Archiepiscoporum
1065 2445 1097 2500 et
1122 2439 1292 2520 Episcopo-

543 2547 616 2592 rum
645 2548 677 2594 ar
711 2547 825 2592 eorum
848 2531 1051 2608 singulorum
1075 2539 1129 2593 ant
1159 2531 1291 2598 illorum

543 2630 789 2702 procuratorum
813 2623 984 2686 destructis
1006 2626 1059 2687 vel
1078 2626 1290 2702 deterioretis,

544 2734 670 2781 necnon
693 2718 920 2796 recuperandis
937 2718 1004 2780 aliis
1027 2719 1151 2782 iuribus
1166 2737 1292 2784 earum-

544 2813 617 2874 dem
640 2811 848 2874 ecclesiarnm
863 2812 916 2874 vel
932 2811 1163 2876 beneficiorum
1180 2816 1292 2894 deper-

545 2905 618 2968 ditis
640 2921 680 2968 61
695 2905 787 2983 66166
801 2905 854 2968 vel
871 2906 1068 2983 negligentia
1090 2910 1290 2987 supradictis,

543 2999 666 3064 luerint
687 3005 877 3079 opportuna,
895 3001 1050 3073 deductis,
1069 3009 1100 3063 et
1113 3003 1182 3066 sine
1204 3019 1292 3082 prae·

544 3094 661 3158 iudicio
674 3095 854 3157 litterarum
871 3110 928 3156 sen
941 3095 1208 3159 constitutionum
1221 3116 1292 3178 ape

544 3189 730 3251 stolicarum
753 3203 850 3266 super
873 3188 1046 3250 residentia
1068 3190 1239 3265 editarum,
1261 3201 1293 3256 et

544 3282 666 3344 iurium
687 3281 840 3344 Gamerae
861 3281 1059 3360 spostolicae
1082 3286 1184 3361 quoad
1211 3286 1292 3349 bona

544 3373 820 3454 iurisdictionalia)
852 3377 978 3450 testari,
1013 3395 1047 3442 36
1078 3385 1290 3454 1661666616,

484 3508 487 3514 ,
544 3469 708 3542 codicillis,
726 3467 993 3542 fideicommissis,
1011 3469 1134 3548 legatis,
1152 3473 1293 3537 donatio-

545 3563 650 3636 nibus,
674 3570 736 3625 tam
759 3565 845 3626 inter
867 3563 958 3625 vivos
980 3579 1075 3640 quam
1094 3581 1186 3627 causa
1208 3582 1290 3629 mor-

545 3655 596 3730 tis,
612 3657 729 3719 3661116
745 3656 1002 3734 quibuscumque
1014 3658 1117 3720 modis
1133 3666 1165 3721 61
1178 3660 1291 3735 titulis,

544 3750 702 3829 scriptura
734 3751 827 3813 etiam
860 3751 968 3812 minus
1000 3750 1153 3824 solemni,
1186 3771 1292 3818 coram

546 3843 671 3908 duobus
692 3845 745 3906 vel
769 3844 870 3906 tribus
893 3844 1041 3917 testibus,
1065 3847 1229 3910 autetiam
1245 3866 1293 3912 ce·

545 3939 618 4002 1616
640 3938 707 4000 6613
728 3954 824 4000 manu
847 3937 978 4000 illorum
1001 3939 1117 4017 scripta
1139 3941 1191 4004 vel
1220 3943 1293 4006 sub-

543 4033 670 4111 scripta,
688 4032 812 4094 3661166
835 4033 867 4094 in
889 4033 1038 4094 omnibus
1053 4039 1086 4096 61
1101 4051 1157 4113 661
1174 4038 1290 4110 omnia,

544 4133 641 4206 prout
671 4134 703 4189 et
733 4126 1006 4204 quemadmodum
1035 4129 1081 4190 eis
1109 4129 1290 4203 videbitur,

544 4222 641 4284 etiam
652 4221 685 4283 in
696 4221 762 4299 ipsa
774 4221 862 4284 curia
873 4221 949 4283 etin
965 4223 1077 4284 mortis
1088 4223 1234 4296 articulo,
1248 4232 1293 4287 et-

544 4315 606 4377 iam
628 4313 716 4377 nulla
739 4313 816 4376 iacta
838 4314 1004 4378 mentione
1027 4318 1216 4394 praesentis,
1240 4319 1293 4381 vel

544 4409 679 4471 aliarum
701 4407 764 4471 illis
781 4423 837 4487 pro
850 4416 999 4487 tempore
1014 4426 1238 4474 concessarum
1253 4413 1293 4474 si-

545 4503 670 4566 milium
684 4501 1035 4581 lacultatum,autquod
1046 4505 1079 4566 in
1087 4505 1153 4567 vim
1163 4505 1292 4570 illarum

544 4596 652 4660 testari
675 4613 732 4659 seu
755 4596 925 4674 disponere
940 4597 1043 4660 velint
1064 4606 1096 4661 et
1114 4600 1291 4674 intendant,

543 4691 646 4753 semel
667 4696 761 4768 31666
781 4691 911 4763 iterum,
929 4698 983 4753 661
997 4691 1118 4770 6161166
1139 4699 1291 4766 61616616,

544 4784 716 4864 disponere
728 4802 763 4846 ac
777 4784 938 4858 ordinare,
961 4784 1004 4850 ita
1025 4792 1061 4847 ut
1082 4786 1233 4864 quicquid
1248 4793 1293 4848 te-

545 4883 673 4951 statum,
693 4884 832 4956 gestum,
856 4886 911 4941 aut
932 4879 1125 4950 ordinatum,
1149 4881 1203 4942 vel
1217 4880 1293 4942 alias

544 4971 734 5049 dispositum
763 4968 805 5032 ab
835 4972 880 5034 eis
903 4972 1020 5045 luerit,
1054 4972 1148 5035 etiam
1172 4974 1204 5036 in
1226 4973 1292 5034 vim

544 5063 696 5143 simplicis
712 5064 957 5138 distributionis,
974 5066 1109 5138 6661166,
1124 5068 1210 5128 omni
1228 5084 1293 5130 me-

545 5158 618 5221 liori
640 5158 735 5220 inodo
758 5157 861 5220 valeat
876 5163 908 5220 61
922 5157 1045 5219 servari
1067 5159 1191 5232 debeat,
1215 5160 1293 5237 ipsa-

544 5267 608 5330 que
630 5259 830 5322 testamenta,
854 5251 1027 5324 codicillos,
1059 5251 1291 5330 dispositiones,

545 5345 773 5417 ordinationes,
798 5345 996 5419 donationes,
1013 5346 1116 5424 legata
1131 5353 1164 5408 et
1178 5353 1294 5408 statuta

546 5439 684 5518 pluries,
708 5439 859 5502 36161166
887 5439 1014 5517 quoties
1044 5439 1089 5503 eis
1111 5440 1291 5512 videbitur,

545 5533 717 5606 moderari,
741 5533 890 5606 limitare,
908 5533 1052 5596 aretiam
1071 5533 1222 5597 intutum
1245 5550 1295 5596 re-

544 5643 671 5699 vocare,
694 5633 727 5689 et
747 5627 805 5690 alia
827 5627 867 5689 de
889 5642 973 5689 novo
996 5629 1115 5700 edere,
1139 5627 1240 5690 libere
1262 5633 1295 5689 et

545 5720 632 5784 licite
653 5719 791 5794 valeant,
807 5721 996 5784 auctoritate
1018 5729 1050 5784 et
1071 5728 1184 5784 tenore
1206 5737 1295 5800 prae-

586 5936 615 5990 11)
632 5893 791 5981 1161116616.
808 5935 874 5992 legit
887 5937 1022 5981 6166161116.

1062 533 1127 581 11111.
1151 534 1243 580 110111.
1268 535 1309 580 itu
1330 536 1361 581 1).
1385 534 1414 581 F.
1438 536 1522 582 PARS
1544 537 1566 582 i.

2132 521 2228 578 666.
2244 516 2343 578 rosa
2392 495 2393 508 '

1347 653 1450 715 missis
1473 653 1599 732 plenam
1622 659 1654 716 61
1674 654 1809 718 liberam
1825 653 2031 716 concedimus
2052 653 2096 716 ia-

1347 746 1510 810 cultatem.
1918 770 1919 773 ¹

1386 842 1404 916 ἓ
1428 841 1475 904 11.
1500 841 1540 903 tit
1562 840 1772 904 nibilominus
1794 856 2015 919 quaecumque
2037 840 2095 902 hu·
2125 858 2371 922 pereorussupei·

1347 935 1485 998 insmodi
1508 941 1713 1008 testamenta,
1737 935 1858 1011 legata,
1887 936 2091 1010 donationes,
2115 913 2373 1021 ffifliefflgff'sslfflss

1347 1027 1571 1105 dispositiones
1593 1035 1626 1090 et
1647 1029 1704 1090 alia
1726 1029 1766 1092 de
1788 1029 1972 1092 huiusmodi
1989 1030 2092 1103 bonis,
2115 1031 2228 1132 §igilur
2276 1029 2393 1071 ΜΨ

2059 1123 2065 1136 0

1346 1119 1470 1182 iuribus
1493 1128 1526 1184 et
1545 1122 1733 1194 actionibus,
1750 1122 1919 1196 fructibus,
1940 1125 2095 1202 pecuniis,

1347 1213 1509 1287 localibus,
1527 1213 1661 1292 aliisque
1676 1216 1773 1278 rebus
1788 1217 1987 1296 supradictis,
2002 1219 2096 1280 otiam

1347 1309 1380 1369 in
1412 1307 1522 1370 lavore
1551 1310 1867 1386 consanguineorum
1901 1317 1934 1373 61
1954 1311 2097 1375 affinium

1348 1403 1602 1480 praedictorum,
1633 1402 1767 1466 3661166
1795 1404 2039 1480 quomodolibet
2060 1406 2097 1468 ab

1347 1496 1469 1558 eisdem
1481 1497 1681 1568 Patriarchis,
1694 1496 1959 1576 brobiepiscopis,
1970 1498 2098 1577 Episco-

1348 1591 1406 1670 pis,
1424 1598 1585 1654 eteorum
1601 1590 1738 1668 singulis
1753 1591 1842 1664 iacta,
1859 1607 1932 1654 curn
1948 1591 2098 1656 omnibus

1346 1683 1422 1746 inde
1443 1685 1600 1762 sequutis,
1624 1701 1658 1747 ac
1680 1685 1775 1746 etiam
1792 1701 1838 1758 ea,
1855 1701 1936 1763 quae
1952 1687 2097 1765 perillus
2144 1687 2146 1690 ⁴

1347 1779 1379 1840 in
1402 1777 1548 1840 futurum
1571 1777 1815 1856 quomodolibet
1835 1777 1924 1852 1661,
1942 1795 2092 1854 exnunc,

1349 1877 1444 1950 prout
1459 1886 1499 1932 ex
1514 1881 1601 1944 tunc,
1620 1878 1685 1933 616
1700 1877 1820 1944 666116,
1838 1873 2050 1951 approbamus
2065 1882 2098 1936 et

1348 1965 1588 2038 confirmamus,
1613 1981 1791 2042 omnesque
1806 1967 1996 2044 6161666166
2018 1969 2098 2030 iuris

1349 2067 1380 2121 et
1408 2059 1480 2122 iacti
1510 2077 1545 2122 ac
1573 2058 1814 2122 solemnitatum
1843 2062 2033 2124 emissarum
2066 2069 2099 2125 et

1349 2153 1611 2226 omittendarum,
1624 2170 1749 2217 necnon
1761 2154 1996 2230 substantiales,
2007 2157 2098 2219 alios-

1349 2263 1412 2326 que
1428 2248 1572 2311 deiectus
1587 2263 1822 2326 quoscumque,
1840 2251 1935 2327 siqui
1957 2251 2098 2314 interve·

1349 2343 2096 2417 nerintantintervenernntineisdem,etiamsi

1349 2437 1426 2498 tales
1443 2437 1517 2498 sint
1538 2436 1591 2498 vel
1618 2436 1759 2510 luerint,
1793 2439 1879 2515 quod
1901 2437 2045 2516 specialis
2066 2446 2099 2501 61

1348 2531 1493 2609 66661163
1515 2531 1554 2592 de
1576 2529 1639 2592 illis
1662 2531 1784 2593 mentio
1808 2531 2027 2609 praesentibus
2046 2533 2098 2594 ba-

1349 2625 1452 2688 benda
1472 2632 1566 2696 esset,
1590 2624 1789 2702 supplemus.

1388 2719 1476 2794 111.
1504 2717 1684 2780 Districtius
1715 2717 1900 2781 inhibentes
1931 2719 2097 2797 quibusvis
2130 2737 2258 2782 1666666
2278 2749 2345 2781 con-

1349 2811 1613 2890 116111661666616,
1637 2810 1811 2889 1161666616,
1834 2813 1976 2876 36131116
1998 2793 2164 2888 66616-1ξξ,
2191 2791 2341 2836 ¹¹¹⁰¹⁰⁸m¹¹'

1349 2907 1468 2968 siarum
1491 2905 1650 2983 praelatis,
1667 2921 1793 2968 necnon
1808 2905 1960 2969 Gamerae
1975 2909 2098 2986 praedi·

1349 3007 1416 3063 ctae
1438 2998 1693 3078 praesidentibus
1716 3006 1749 3061 61
1769 2999 1904 3072 clericis,
1921 3017 1956 3063 36
1970 3016 2095 3074 eorum,

1349 3110 1475 3156 necnon
1500 3092 1636 3154 fabricae
1666 3091 1810 3154 basilicae
1837 3093 1990 3172 Principis
2016 3095 2098 3174 Apo·

1349 3187 1508 3250 stolorum
1531 3185 1570 3248 de
1592 3185 1689 3258 Urbe,
1718 3201 1753 3247 ac
1775 3185 1931 3248 cruciatae
1960 3195 2096 3260 sanotae,

1349 3299 1383 3343 ac
1403 3280 1472 3342 aliis
1495 3278 1721 3342 collectoribus
1743 3285 1776 3341 61
1796 3280 2096 3354 subcollectoribus,

1349 3375 1528 3450 ceterisque
1543 3373 1775 3449 cuiuscumque
1797 3373 1968 3450 dignitatis,
1985 3382 2096 3448 status,

1350 3469 1466 3547 gradus
1489 3474 1521 3530 61
1542 3466 1733 3529 conditionis
1756 3467 1979 3541 existentibus,
2001 3467 2096 3530 etiam

1350 3559 2094 3640 quavisauctoritateetpotestateiungentibus,

1350 3673 1390 3719 ne
1411 3656 1650 3726 universitates
1674 3653 1819 3731 collegia,
1837 3670 1870 3716 36
1886 3654 1963 3729 1663,
1981 3655 2098 3734 legata·

1349 3751 1426 3820 rios,
1444 3749 1598 3812 haeredes
1614 3755 1646 3810 et
1668 3763 1831 3826 personas,
1856 3763 1982 3810 necnon
2005 3755 2098 3812 16616-

1350 3851 1554 3915 mentorum,
1578 3841 1783 3904 voluntatum
1805 3848 1838 3903 et
1859 3842 2096 3906 ordinationum

1350 3936 1535 4000 huiusmodi
1546 3941 1764 4012 exequutores
1776 3935 1965 4013 praedictos,
1977 3936 2098 4000 directe

1348 4031 1401 4093 vel
1424 4031 1590 4102 indirecte,
1614 4029 1729 4106 quovis
1751 4029 1894 4106 66366116
1915 4030 2097 4094 coloraret

1348 4125 1492 4202 ingenio,
1517 4123 1689 4185 molestare
1711 4123 1848 4185 audeant
1868 4125 2097 4202 quoquomodo

1349 4219 1402 4281 vel
1424 4217 1625 4297 perturbare.

1389 4314 1478 4390 §13-
1503 4312 1546 4374 116
1568 4313 1791 4384 decernentes,
1816 4312 1974 4390 praedicta
1992 4314 2097 4376 omnia
2126 4338 2255 4400 666366,
2266 4351 2337 4396 „1-20.

1350 4415 1382 4470 et
1392 4408 1530 4484 singula,
1541 4412 1791 4484 praesentesque
1804 4405 1935 4478 litteras,
1946 4423 1980 4469 ac
1992 4408 2098 4469 omnia
2117 4395 2272 4438 1111111111·

1350 4509 1382 4564 61
1402 4500 1530 4578 singula
1544 4500 1577 4561 in
1592 4499 1655 4561 illis
1677 4505 1837 4572 contenta,
1857 4516 1983 4562 necnon
2005 4506 2099 4562 16616-

1351 4601 1468 4668 66616,
1501 4593 1700 4666 donationes,
1729 4592 1902 4666 codicillos,
1937 4593 2099 4656 fideicom-

1350 4689 1456 4760 missa,
1480 4687 1593 4765 legata,
1614 4687 1841 4759 ordinationes,
1859 4687 2096 4765 derogationes,

1349 4781 1585 4860 dispositiones,
1603 4789 1635 4844 61
1649 4782 1707 4844 3113
1722 4795 1955 4858 6666666666,
1972 4797 2097 4844 necnon

1351 4892 1432 4954 quae
1450 4876 1482 4938 in
1499 4875 1682 4954 praemissis
1704 4875 1782 4937 13613
1797 4883 1883 4948 6661,
1901 4882 1953 4937 361
1975 4891 2100 4938 earum-

1350 4972 1425 5034 dem
1448 4972 1664 5048 praesentium
1686 4971 1800 5047 vigore
1822 4970 1892 5031 1611
1915 4970 2097 5046 contigerit,

1351 5071 1414 5126 tam
1435 5065 1550 5142 vigore
1572 5063 1748 5142 praesentis
1764 5078 1859 5140 quam
1871 5063 2005 5125 aliarum
2027 5081 2100 5126 oon-

1350 5159 1532 5222 cessionum
1554 5157 1618 5220 illis
1640 5157 1815 5228 lectarum,
1839 5173 1873 5218 66
1895 5155 2046 5236 deinceps
2067 5158 2100 5220 in

1352 5268 1472 5330 genere
1485 5254 1561 5314 6116
1576 5251 1682 5329 666616
1698 5249 1926 5322 iaciendarum,
1940 5267 2013 5314 cum
2026 5253 2101 5315 inde

1351 5347 1495 5424 sequutis
1517 5353 1549 5408 61
1563 5344 1761 5422 sequuturis,
1779 5343 1892 5417 valida,
1905 5345 1998 5406 tirma
2012 5346 2099 5408 6161-

1351 5439 1547 5512 1636161616,
1565 5455 1690 5500 neonon
1703 5443 1857 5516 perpetua
1867 5437 2100 5501 1161316661)-

1350 5531 2100 5610 sistere,suosqueplenariosacomneseiieotus

1351 5626 1461 5689 sortiri
1476 5634 1509 5688 61
1523 5625 1687 5700 obtinere;
1711 5641 1770 5687 nec
1786 5626 1881 5688 etiam
1899 5641 1955 5704 per
1970 5625 2100 5687 transla-

1352 5719 1473 5783 tionem
1486 5721 1523 5782 ad
1539 5718 1800 5797 metropolitanas
1811 5719 1864 5782 vel
1876 5717 2101 5798 patriarchales
