4814 6992
330 631 506 690 1331611
564 631 601 696 10

543 769 772 833 efficacioribus
788 777 821 832 et
834 769 971 832 insolitis
986 767 1149 840 clausulis,
1167 785 1201 830 ac
1219 767 1290 828 irri-

545 864 683 926 tantibus
700 863 814 926 3131113
829 862 978 934 decretis,
996 878 1054 940 per
1069 877 1292 938 quoscumque

542 954 701 1018 Romanos
736 955 905 1017 Pontifices
942 955 1204 1032 praedecessores
1237 970 1291 1015 no-

543 1055 638 1121 stras,
656 1047 885 1121 3331133333,
904 1053 937 1110 et
952 1046 1068 1110 Sedem
1086 1047 1289 1125 praedictam.

543 1140 639 1203 etiam
653 1139 927 1212 consistorialiter,
941 1140 1036 1201 etiam
1049 1141 1089 1202 de
1101 1139 1290 1200 eorumdem

543 1233 759 1297 Cardinalium
781 1233 932 1305 consilio,
958 1233 1053 1295 etiam
1076 1249 1133 1312 per
1160 1231 1289 1293 modum

544 1329 654 1390 statuti
669 1334 702 1390 et
722 1327 959 1390 constitutionis
984 1333 1227 1406 perpetuorum,
1258 1342 1290 1386 ar

544 1429 635 1483 motu
657 1428 689 1484 et
710 1423 841 1484 scientia
855 1421 1026 1493 similibus,
1050 1421 1154 1498 deque
1169 1427 1292 1498 aposto-

544 1515 622 1578 licae
644 1516 807 1594 potestatis
829 1514 1040 1593 plenitudine,
1064 1516 1117 1578 vel
1139 1516 1175 1577 ad
1192 1515 1292 1592 1333-

545 1611 671 1683 ratoris,
684 1625 812 1687 regum,
826 1609 1025 1686 reginarum,
1040 1611 1157 1671 ducum
1171 1617 1203 1670 et
1217 1609 1292 1670 alio-

545 1721 618 1767 rum
642 1703 821 1784 prineipum
849 1704 1050 1776 instantiam,
1081 1719 1138 1765 333
1159 1702 1292 1764 illorum

545 1798 827 1878 contemplatione,
841 1798 874 1860 in
887 1813 1007 1875 genere
1018 1797 1071 1859 rel
1083 1798 1115 1858 in
1128 1797 1245 1874 specie,
1260 1813 1293 1857 33

545 1893 620 1954 31133
645 1893 890 1970 quomodolibet
911 1893 1006 1956 etiam
1029 1894 1151 1956 iteratis
1173 1893 1294 1956 vicibus

546 1987 704 2049 concessis
725 1985 863 2067 (etiamsi
885 1987 918 2048 in
941 1987 987 2048 eis
1009 2004 1043 2048 ac
1065 1988 1190 2048 statutis
1206 2003 1295 2065 prae·

546 2081 638 2144 dictis
660 2089 810 2144 careatur
832 2097 996 2160 expresse,
1021 2083 1106 2159 quod
1129 2088 1294 2144 exactores

547 2181 579 2237 et
600 2174 811 2252 appeltatores
833 2175 1000 2253 vectigalis
1021 2177 1174 2253 praedicti
1197 2175 1294 2238 vecti-

547 2269 597 2346 gal
614 2269 799 2331 huiusmodi
814 2269 909 2331 etiam
925 2269 962 2331 ab
976 2270 1133 2348 exemptis
1149 2270 1293 2346 exigere,

546 2379 580 2426 ac
596 2363 667 2426 illos
683 2363 719 2426 ad
737 2363 932 2426 solutionem
949 2379 1006 2426 seu
1022 2364 1293 2426 contributionem

547 2473 664 2535 cogere
680 2465 712 2519 et
721 2457 917 2535 compellere
933 2457 1056 2536 possint
1069 2473 1127 2520 seu
1143 2458 1295 2534 debeant3

549 2552 699 2628 quodque
732 2551 969 2629 praeceptorias
998 2557 1030 2612 et
1057 2551 1115 2612 3113
1144 2551 1296 2613 beneficia

548 2659 770 2723 quaecumque
782 2645 856 2708 dicti
870 2645 1044 2723 hospitalis,
1057 2652 1118 2707 tam
1132 2663 1170 2707 ex
1183 2663 1294 2708 eorum

547 2739 747 2800 institutione
762 2751 857 2816 quam
874 2754 913 2800 ex
927 2739 1220 2800 stabilimentcrum
1237 2740 1297 2801 dis-

548 2831 718 2910 positione,
730 2831 949 2910 pensionibus,
963 2831 1087 2910 clericis
1100 2833 1296 2896 secularibus

548 2934 580 2987 et
602 2925 670 2988 aliis
700 2925 845 3004 personis
871 2924 965 2986 etiam
994 2925 1164 3004 apostolica
1193 2933 1298 2989 aucto-

547 3019 641 3080 ritate
663 3018 888 3090 reservandis,
912 3019 1037 3098 gravari
1069 3035 1132 3081 non
1157 3020 1296 3097 possint;

548 3115 700 3192 quodque
718 3113 943 3176 stabilimentis
963 3131 998 3176 aa
1016 3114 1193 3192 privilegiis
1209 3131 1297 3192 prae-

548 3207 650 3280 dictis,
662 3207 757 3270 etiarn
770 3208 883 3284 vigore
895 3207 1067 3286 implicitae
1080 3208 1297 3285 derogationis

549 3300 701 3363 latissime
724 3301 956 3373 extendendae,
977 3301 1102 3362 etiamsi
1124 3317 1180 3380 per
1207 3317 1297 3379 quas-

549 3409 689 3472 cumque
711 3394 833 3456 litteras
854 3393 1050 3473 apostolicas,
1065 3411 1099 3456 ac
1111 3396 1237 3472 quasvis
1253 3404 1298 3458 et-

470 3567 472 3572 ,
549 3489 609 3550 133
633 3489 910 3566 derogatoriarum
938 3489 1166 3566 derogatorias,
1198 3490 1297 3552 311133-

548 3583 651 3644 ciores
663 3587 696 3644 et
709 3581 854 3644 insolitas
869 3581 1037 3652 clausulas,
1062 3582 1211 3660 derogari
1233 3599 1298 3645 non

548 3675 656 3754 possit,
674 3691 734 3737 nec
748 3676 939 3752 derogatum
958 3681 1138 3746 censeatur,
1162 3676 1223 3736 nisi
1246 3677 1297 3738 de-

548 3771 673 3846 rogatio
686 3769 871 3832 huiusmodi
885 3769 924 3831 de
936 3769 1069 3830 consilio
1081 3768 1297 3832 cardinalium

548 3863 738 3926 eorumdem
755 3864 819 3935 fiat,
837 3869 948 3925 31133
965 3862 1096 3924 demum
1110 3863 1255 3940 magistri
1268 3871 1299 3926 et

548 3965 727 4020 conventus
749 3958 986 4036 praedictorum
1008 3957 1092 4020 adid
1114 3959 1241 4021 accedat
1254 3975 1299 4020 as-

547 4051 1299 4129 sensus,sintquelitteraederogationishuius-

549 4145 636 4208 modi
651 4145 813 4224 etiamper
824 4145 944 4207 dictum
961 4146 1149 4223 magistrum
1162 4146 1298 4208 subscri-

548 4245 631 4317 ptae,
656 4257 689 4302 ac
704 4238 751 4301 illi
767 4245 800 4302 et
814 4239 988 4302 conventui
1003 4235 1298 4320 praedictis(1)per

549 4333 691 4396 diversas
713 4333 745 4395 in
767 4332 870 4394 forma
892 4332 1003 4394 Brevis
1025 4333 1152 4395 3131133
1175 4333 1297 4396 litteras

549 4428 685 4490 diversis
707 4427 906 4505 temporibus
928 4443 1001 4490 cum
1014 4427 1298 4491 certisintervallis

549 4528 763 4600 praesentatas
785 4521 958 4595 intimatae,
983 4529 1015 4584 et
1035 4539 1101 4584 non
1129 4521 1215 4594 alias,
1239 4539 1298 4584 nec

548 4615 610 4677 alio
633 4615 740 4687 modo,
763 4623 795 4678 et
816 4631 945 4693 semper
966 4613 998 4676 in
1022 4615 1189 4688 omnibuS,
1217 4631 1297 4693 quae

549 4709 594 4770 sic
616 4709 694 4771 dent
716 4709 809 4771 etiam
828 4710 866 4771 de
883 4709 980 4772 simili
1003 4709 1147 4782 consilio,
1166 4711 1298 4786 deroga-

550 4803 691 4865 tionibus
706 4801 752 4882 (2)
773 4803 815 4864 311
829 4803 970 4880 33333113
986 4803 1136 4876 clausula,
1161 4805 1246 4880 quod
1262 4803 1298 4865 il-

550 4896 655 4958 laruru
688 4897 837 4958 effectum
865 4897 1040 4958 sortiantur
1068 4899 1107 4959 de
1139 4913 1297 4958 consensu

550 4990 696 5068 magistri
718 4997 749 5052 et
777 4997 956 5053 conventus
985 4991 1233 5068 praedictorum,
1267 4997 1300 5052 et

550 5102 614 5148 non
636 5085 723 5157 alias,
746 5101 806 5146 nec
826 5084 888 5146 alio
910 5082 1034 5163 mcdc);
1058 5084 1174 5161 quibus
1197 5085 1299 5146 omni-

550 5179 620 5252 bus,
645 5180 775 5242 illorum
809 5178 954 5240 omnium
984 5184 1125 5250 tenores,
1156 5178 1237 5240 acsi
1260 5178 1298 5239 de

550 5274 651 5336 verba
672 5273 708 5335 ad
731 5273 869 5335 verbum
892 5272 1126 5344 insererentur,
1151 5286 1298 5349 praesen-

591 5509 622 5564 (1)
638 5507 704 5552 Edit.
721 5507 797 5552 11313.
813 5506 879 5564 legit
894 5511 1086 5560 ruroaattorres.

591 5577 620 5631 (2)
637 5575 704 5620 snit.
720 5575 788 5621 hfain
802 5573 870 5631 legit
880 5577 1025 5628 praedictis
1039 5578 1190 5620 3333311131.

591 5646 620 5698 titt
637 5645 675 5687 Eu
690 5644 772 5688 coust.
788 5642 868 5686 clem.
878 5645 941 5686 Vlll.
958 5651 1010 5698 qua
1021 5641 1297 5698 decernitquandolo·

549 5720 640 5756 corum
657 5709 791 5755 ordinarii
804 5708 974 5765 regularibus
990 5708 1123 5754 licentium
1140 5709 1241 5766 possint
1252 5709 1297 5753 13-

550 5777 646 5834 pertiri
662 5789 741 5822 noros
755 5780 899 5822 conventus
913 5775 1082 5822 construendi
1102 5779 1142 5832 ft:

592 5986 618 6041 ζ’)
636 5989 710 6030 11333
730 5989 891 6036 facultatem,
909 5987 968 6029 Sedt
983 5989 1145 6038 apostoticae
1165 5991 1245 6031 autea
1260 5999 1297 6029 re·

550 6059 685 6098 servatam
699 6065 716 6097 a
730 6057 867 6104 Boutructo
887 6055 999 6098 V111.tu
1020 6064 1077 6106 cap.
1094 6057 1106 6096 1
1127 6055 1159 6098 de
1173 6052 1296 6100 excessib.

1061 646 1126 693 11111.
1150 647 1243 693 ΡΟΝΤ.
1266 645 1307 692 DE
1329 647 1359 692 P.
1383 647 1413 692 F.
1438 647 1521 691 PARS
1542 647 1565 692 1.

2134 625 2184 684 An.
2199 627 2226 684 C.
2244 623 2325 681 {622

1347 766 1432 830 tibus
1456 783 1513 845 pro
1535 766 1695 845 expressis
1711 766 1876 836 habentes,
1895 765 1957 827 illis
1972 764 2047 828 alias
2063 765 2095 826 in

1347 876 1405 921 suo
1428 859 1544 922 robore
1575 861 1809 938 permansuris,
1833 860 1890 924 hac
1912 860 1981 922 vice
2004 861 2095 922 dum-

1347 959 1431 1015 taxat
1451 953 1484 1015 13
1507 953 1702 1039 3333331331
1725 953 1757 1014 13
1771 953 1876 1033 333313
1891 954 1928 1016 ad,
1945 954 2095 1016 effectum

1347 1047 1564 1124 praesentium
1593 1048 1789 1112 sufficienter
1815 1055 1847 1111 et
1869 1063 2021 1128 expresse
2043 1047 2094 1109 de-

1347 1157 1510 1218 rogamus,
1534 1157 1568 1203 33
1589 1141 1777 1219 derogatum
1796 1159 1864 1205 esse
1879 1143 2094 1214 decernimus,

1346 1235 1525 1312 ceterisque
1547 1235 1714 1297 contrariis
1735 1236 2003 1314 quibuscumque.

1386 1331 1405 1404 ς
1428 1327 1475 1388 ll.
1494 1326 1652 1390 Volumus
1674 1335 1793 1402 autem,
1811 1337 1844 1391 et
1858 1329 2028 1408 apostolica
2043 1345 2096 1389 au·
2139 1337 2250 1382 Nomina
2270 1339 2344 1382 assi-

1346 1424 1491 1486 ctoritate
1514 1424 1729 1494 decernimus,
1747 1425 1831 1500 quod
1855 1423 2022 1503 priuilegia
2038 1423 2096 1484 hu·
2115 1393 2344 1542 {iiiff'fipni‘id's'

1346 1517 1486 1580 iusmodi
1501 1516 1710 1595 infrascriptis
1731 1516 1953 1579 assistentibus
1973 1519 2096 1579 dumta-
2115 1499 2343 1597 ,gigelfflfihsia

1347 1617 1399 1672 xat
1413 1611 1643 1688 suffragentur.
1665 1609 1800 1672 Nomina
1819 1618 1926 1672 autem
1949 1611 2096 1672 assisten-

1348 1705 1428 1766 tium
1451 1705 1688 1782 praedictorum
1715 1713 1790 1768 sunt
1815 1705 1903 1776 haec,
1928 1703 2095 1766 videlicet:

1348 1799 1501 1861 Ascanius
1523 1797 1893 1877 Constantinopolitanus
1917 1798 2097 1876 3111313113-

1348 1893 1407 1954 bus
1421 1891 1742 1970 Hierosolymitanus,
1757 1893 1971 1970 patriarchae3
1984 1893 2098 1954 Petrus

1349 1986 1577 2058 Ardmacanus,
1595 1985 1753 2048 Galeatius
1770 1987 1846 2048 olim
1870 1985 2028 2060 Barensis,
2045 1987 2098 2048 At-

1349 2081 1435 2144 tilius
1458 2080 1669 2152 Athenarum,
1696 2081 1849 2160 Ulpianus
1871 2081 1948 2144 alim
1974 2081 2098 2143 Thesti-

1350 2191 1422 2246 nus,
1445 2174 1560 2236 Paulus
1583 2174 1740 2236 Aemilius
1762 2173 2015 2253 Amalphitanus,
2041 2173 2099 2234 llo·

1351 2269 1487 2330 3131333
1509 2267 1685 2340 133333313,
1708 2267 1902 2330 Philibertus
1925 2265 2099 2328 laurinen-

1351 2363 1411 2434 sis,
1436 2361 1578 2424 Andreas
1611 2361 1839 2433 Messanensis,
1864 2368 1896 2424 et
1917 2361 2099 2440 Alphonsus

1351 2455 1553 2529 Rbodiensis,
1588 2455 1835 2534 archiepiscopi,
1867 2456 2005 2518 llarinus
2034 2454 2100 2516 Bri-

1351 2550 1483 2622 xiensis‚
1500 2549 1615 2611 Paulus
1632 2548 1708 2610 olim
1724 2548 1921 2622 berulensis,
1935 2549 2100 2627 Berlinge·

1352 2644 1419 2706 rius
1436 2643 1512 2705 olim
1531 2642 1754 2715 Ariminensis,
1772 2642 1900 2704 lacobus
1915 2641 2100 2706 1133331133-

1352 2738 1405 2809 313,
1427 2737 1584 2798 Antonius
1601 2735 1797 2814 vigiliensis,
1815 2737 1927 2798 Petrus
1943 2736 2100 2798 Antonius

1353 2830 1519 2902 Troianus,
1543 2831 1675 2892 loannes
1696 2830 1834 2909 Baptista
1859 2829 2011 2902 Nolanus,
2039 2830 2101 2892 An·

1353 2925 1459 2986 tonius
1481 2923 1685 2996 Casertanus,
1709 2923 1893 3002 Alphonsus
1916 2923 2101 3000 Anglonen-

1353 3019 1412 3090 sis,
1437 3024 1469 3080 et
1496 3017 1629 3080 loannes
1659 3016 1846 3080 Vincentius
1879 3017 2099 3095 Tagastensis,
2195 3091 2198 3098 ¹

1353 3112 1500 3174 Tiberius
1531 3111 1704 3184 Esinensis,
1728 3111 1867 3174 Isidorus
1892 3112 2046 3185 Astensis,
2069 3119 2102 3174 et

1352 3207 1484 3270 Carolus
1507 3207 1621 3268 1133113
1643 3205 1780 3283 Regalis,
1805 3207 1954 3285 episcopi.

1392 3299 1481 3376 518.
1505 3299 1664 3362 Volumus
1693 3299 1854 3362 etiam'ut
1882 3300 2099 3378 praesentium
2151 3374 2155 3382 Ι
2194 3321 2335 3382 'francons

1353 3395 1571 3473 transumptis
1595 3395 1690 3455 etiam
1719 3394 1894 3472 impressis,
1928 3371 2333 3472 3333311-ξζζῗῃξζζζῗψιιΊΓι

1352 3490 1442 3550 cuius
1465 3487 1580 3550 notarii
1595 3487 1714 3566 publici
1733 3487 1930 3565 subscriptis,
1948 3495 1980 3551 31
1994 3489 2100 3566 sigillo

1353 3581 1485 3644 alicuius
1502 3597 1657 3659 personae
1672 3581 1705 3642 in
1721 3581 1875 3658 dignitate
1891 3581 2101 3646 ecclesiastica

1352 3677 1543 3738 constitutae
1565 3675 1709 3746 munitis,
1733 3675 1843 3738 eadem
1867 3691 2000 3754 prorsus
2022 3677 2100 3740 fides

1352 3772 1384 3831 in
1407 3769 1524 3832 iudicio
1546 3775 1577 3830 et
1599 3775 1688 3830 extra
1703 3768 1782 3830 illud
1798 3769 1997 3842 adhibeatur,
2021 3785 2101 3847 uuae

1352 3863 1428 3941 ipsis
1460 3863 1682 3942 praesentibus
1704 3862 1923 3936 adhiberetur,
1947 3863 1972 3924 31
1995 3864 2102 3926 forent

1353 3956 1513 4018 exhibitae
1536 3957 1589 4018 vel
1611 3963 1767 4018 ostensae.

1392 4049 1506 4112 Datum
1537 4049 1668 4122 Romae,
1688 4050 1771 4128 apud
1800 4057 1938 4112 sanctam
1972 4051 2097 4113 Mariam

1353 4145 1516 4214 blaiorem,
1540 4143 1600 4205 sub
1614 4142 1733 4204 annulo
1756 4143 1930 4217 Piscatoris,
1955 4145 2005 4207 die
2021 4162 2098 4206 xrrr.

1352 4255 1425 4316 aug.
1443 4253 1605 4310 nncxxn.,
1630 4236 1832 4314 pontificatus
1847 4239 1950 4300 nostri
1965 4255 2048 4300 anno
2064 4255 2098 4299 n.

1710 4523 1746 4585 ll.

1356 4706 1531 4789 Confirmat
1549 4715 1578 4770 31
1600 4709 1735 4790 ampliat
1756 4710 2016 4772 constitutionem
2039 4709 2100 4772 Cle-

1392 4803 1506 4863 mentis
1522 4801 1601 4864 Vlll.
1615 4803 1704 4866 circa
1719 4820 1873 4866 notrorum
1889 4811 2101 4866 conventuum

1392 4895 1595 4975 regularium
1616 4897 1787 4960 3333113333
1808 4897 1864 4978 (3).

1533 5039 1837 5109 3111333333.
1862 5041 1922 5108 xl.

1393 5179 1411 5253 5
1435 5177 1462 5239 1.
1486 5178 1662 5241 dumalias
1684 5179 1785 5242 felicis
1807 5181 1932 5243 record.
1950 5180 2100 5244 Clemens
2127 5189 2329 5263 11313ιοί33333-

1354 5271 1433 5349 Ρ333
1456 5271 1533 5334 lllll.
1551 5273 1743 5346 decreverit,
1759 5273 1942 5338 Ordinarios
1955 5276 2099 5338 locorum
2120 5246 2329 5344 }}?{„,⁰ss¹¹ilp11‘j¹e'

1586 5510 1731 5553 CLEbeNS
1747 5511 1792 5553 ΡΡ.
1808 5511 1869 5554 v111.

1522 5607 1557 5648 ad
1570 5607 1697 5654 sucturum
1712 5607 1751 5647 ret
1765 5609 1932 5650 brennariam.

1393 5710 1521 5760 Quorxiam
1537 5711 1568 5756 ad
1585 5710 1738 5756 institutam
1761 5713 1926 5768 regularium
1942 5715 2059 5760 locorum
2075 5717 2101 5760 31
2123 5723 2327 5766 0333333333

1353 5787 1527 5833 personarum
1549 5777 1765 5824 reformationem
1784 5781 1987 5836 promerendum
2003 5785 2029 5826 st
2044 5793 2102 5827 con·
2120 5779 2307 5822 declar-attonis.

1353 5986 1466 6030 l’raelat.
1477 5985 1504 6028 in
1514 5986 1535 6040 d,
1551 5988 1704 6030 Orrttnartts
1713 5991 1806 6038 postea
1816 5991 1942 6032 3313333311
1955 5991 2101 6034 concillum

1355 6056 1470 6099 11131331.
1485 6065 1547 6098 sess.
1562 6065 1645 6108 xxxv„
1660 6065 1716 6108 cap.
1733 6065 1771 6100 nr.
