4756 6994
861 593 1005 640 curuans
1026 595 1077 640 rr.
1100 592 1158 640 xn.
1711 574 1766 638 lbl
1824 576 1920 634 nnn
1935 579 2003 633 lton

238 711 502 790 irritantibusque
524 718 556 774 et
576 711 645 774 aliis
661 711 799 774 decretis
813 711 845 774 in
863 727 983 790 genere
1038 711 1074 772 ad
1104 710 1242 773 verbum
1268 711 1396 774 insertis
1428 711 1593 784 babentes,
1624 710 1688 774 illis
1712 709 1788 772 alias

239 806 289 868 rel
311 806 343 868 in
364 806 482 883 specie,
505 822 563 869 seu
589 805 664 867 alias
686 805 930 883 quomodolibet
951 806 982 867 in
1039 803 1071 866 in
1094 821 1152 867 suo
1181 805 1299 868 robore
1320 805 1549 884 permansuris,
1573 806 1609 867 art
1638 805 1788 883 praemis-

238 899 433 961 contrarium
470 899 721 978 praemissorum
756 900 916 961 concessis
951 917 984 960 ao
1039 914 1150 960 sorum
1173 899 1324 962 ellectum
1352 899 1409 962 bac
1432 899 1501 962 rice
1530 900 1694 961 dumtaxat
1718 915 1788 977 spe-

239 992 358 1071 pluries
380 993 588 1064 confirmatis,
612 993 792 1072 approbatis
808 1000 839 1054 et
853 993 984 1056 innova·
1039 991 1163 1054 cialiter
1184 999 1217 1056 et
1239 1009 1392 1072 expresse
1424 994 1635 1071 derogamus3
1659 995 1788 1055 ceteris·

240 1087 287 1147 tis.
310 1085 431 1159 Quibus
453 1085 603 1148 omnibus
625 1092 657 1148 et
678 1086 833 1163 singulis,
860 1086 983 1148 etiamsi
1040 1099 1102 1160 que
1125 1087 1294 1150 contrariis
1316 1087 1586 1172 quibuscumque.

239 1195 295 1258 pro
316 1179 447 1242 illorum
471 1180 640 1242 sufficienti
663 1181 872 1258 derogatione
888 1181 927 1242 de
949 1180 984 1242 il·
1079 1181 1098 1255 ἓ
1127 1180 1156 1242 7.
1186 1179 1345 1244 Volumus
1377 1189 1503 1255 autem,
1534 1189 1570 1245 ut
1600 1183 1786 1245 earumdem

238 1273 277 1334 lis
305 1289 485 1350 eorumque
514 1273 588 1336 totis
620 1273 785 1336 tenoribus
816 1274 982 1353 specialis,
1040 1275 1259 1351 praesentium
1289 1275 1456 1340 literarum
1490 1277 1699 1354 transumptis
1730 1293 1787 1338 seu

236 1367 398 1444 specifica,
436 1383 586 1446 expressa
623 1375 656 1430 et
686 1367 849 1430 indiuidua
884 1385 918 1430 ac
946 1367 985 1430 tle
1041 1368 1198 1446 exemplis
1220 1370 1265 1432 sio
1280 1369 1456 1448 impressis,
1473 1385 1571 1432 manu
1586 1370 1718 1432 alicuius
1734 1386 1789 1433 no-

238 1462 338 1524 verbo
359 1462 396 1522 arl
418 1460 573 1533 verbum.
598 1479 662 1524 non
690 1471 796 1525 autem
823 1479 880 1541 per
902 1463 984 1525 clau·
1041 1462 1112 1524 terii
1135 1462 1253 1540 publici
1275 1464 1463 1542 subscriptis
1492 1470 1524 1526 et
1545 1463 1652 1540 sigillo
1681 1479 1789 1542 perso-

236 1555 320 1618 sulas
343 1555 511 1633 generales
536 1557 621 1618 idem
647 1557 869 1634 importantes,
896 1573 985 1618 men·
1041 1570 1099 1617 nae
1121 1555 1153 1616 in
1177 1555 1386 1618 ecclesiastica
1414 1557 1573 1634 dignitate
1597 1557 1789 1618 constitutae

239 1651 282 1712 tio
307 1667 363 1712 seu
386 1651 518 1728 quaevis
545 1650 604 1714 alia
636 1651 801 1729 expressio
829 1650 982 1722 babendo,
1040 1649 1185 1720 munitis,
1210 1650 1322 1712 eadem
1345 1665 1476 1729 prorsus
1499 1651 1670 1722 noestam
1695 1651 1727 1711 in
1743 1651 1789 1712 iu-

237 1751 291 1806 aut
312 1744 370 1806 alia
393 1745 549 1822 exquisita
572 1744 674 1807 torma
696 1747 731 1806 acl
755 1745 815 1806 boc
830 1744 983 1806 servanda
1041 1742 1122 1804 dicio
1153 1759 1248 1820 quam
1272 1749 1362 1806 extra
1384 1743 1475 1816 illud,
1500 1744 1621 1822 ubique
1643 1744 1788 1806 locorum

238 1838 332 1911 toret,
357 1846 486 1900 tenores
508 1837 694 1902 buiusmorli
716 1838 796 1900 acsi
820 1841 858 1900 oe
884 1838 985 1900 uerbo
1041 1835 1207 1910 habeatur,
1232 1853 1313 1914 quae
1336 1837 1510 1900 baberetur
1542 1839 1619 1917 ipsis
1641 1854 1790 1916 praesen-

236 1933 273 1995 ad
296 1931 447 2006 verbum,
471 1932 551 1995 nibil
574 1933 702 2011 penitus
725 1931 855 2004 omisso,
874 1941 907 1994 et
921 1930 984 1993 lor·
1042 1928 1137 2000 tibus,
1154 1929 1180 1988 si
1203 1928 1311 1990 terent
1332 1928 1493 1990 exhibitae
1515 1929 1567 1992 rel
1589 1936 1748 1991 ostensae.

237 2043 288 2088 ma
310 2027 342 2088 in
358 2026 423 2087 illis
440 2027 552 2088 tradita
568 2027 745 2098 observata,
764 1988 1012 2104 exprimerem-l
1080 2022 1194 2084 Datum
1216 2022 1346 2094 Romae,
1379 2023 1461 2101 apud
1488 2022 1519 2085 S.
1544 2023 1672 2084 blariam
1699 2023 1791 2086 llaio·

238 2126 290 2181 tur
313 2126 345 2181 et
358 2119 593 2190 insererentur,
611 2119 830 2198 praesentibus
846 2135 904 2198 pro
920 2119 984 2196 ple·
1040 2134 1121 2191 rem,
1150 2118 1209 2180 sub
1231 2117 1351 2180 annulo
1372 2117 1551 2190 Piscatoris‚
1575 2117 1626 2180 die
1648 2133 1726 2180 xrrr.
1750 2119 1790 2180 ia-

236 2229 277 2275 ne
300 2221 332 2274 et
352 2213 550 2275 sufficienter
578 2213 738 2292 expressis
768 2229 802 2273 ac
823 2214 862 2275 de
884 2214 984 2274 verbo
1010 2234 1012 2262 ι
1041 2213 1142 2274 nuarii
1159 2228 1312 2284 uocem..
1327 2211 1528 2290 pontificatus
1545 2213 1646 2273 nostri
1662 2229 1788 2274 annox.
