4836 7002
971 606 1043 653 rius
1065 607 1116 652 PP.
1140 607 1196 654 vti.

663 723 699 786 ll.

361 909 585 990 Imperatorem
608 912 758 976 Aeser-too
778 919 872 993 ropot
900 913 1003 975 eodem

598 1023 634 1068 ιιι
655 1023 761 1068 sonsa.

308 1189 473 1256 Carissimo
505 1191 532 1257 in
562 1189 683 1258 Christo
710 1192 774 1260 lilio
798 1197 902 1258 nostro
933 1192 1056 1258 Franci·

347 1300 403 1350 sco
426 1284 567 1352 bustriae
589 1287 772 1370 imperatori,
796 1286 968 1370 ilungariae
991 1287 1054 1371 regi

348 1377 526 1459 Apostolico
548 1385 580 1444 el
601 1378 764 1448 Bohemiae
788 1380 851 1464 regi
875 1381 991 1460 ilinslri,

551 1517 639 1632 eins
666 1566 727 1632 ee.
752 1567 812 1632 νιι.

396 1749 561 1820 carissime
585 1754 611 1820 in
635 1754 756 1822 Christo
778 1757 821 1822 lili
845 1762 965 1835 noster,

339 1846 469 1913 salutem
492 1849 745 1932 adapostolicam
768 1850 1020 1918 benedictionem.

345 2035 526 2100 Certiorem
552 2056 569 2102 a
600 2039 723 2103 Nunnio
750 2048 862 2104 nostro
894 2043 1055 2105 ordinario

307 2128 418 2192 lectam
441 2131 609 2194 credimus
635 2133 836 2212 imperialem
869 2141 902 2198 et
932 2137 1054 2213 regiam

307 2223 505 2287 maiestatem
521 2231 607 2287 tuam
623 2226 846 2289 acerbissimae
857 2229 1053 2301 calamitatis,

306 2333 366 2394 qua
388 2318 538 2381 incendio
559 2331 788 2398 consumptum
810 2328 859 2384 est
886 2324 1054 2400 antiquum

306 2402 344 2474 ιι
368 2412 575 2489 magnificum
611 2415 769 2492 tempium
799 2416 1055 2478 Resurrectionis

305 2503 528 2576 Hierusalem,
561 2505 594 2568 in
626 2522 690 2584 quo
723 2505 915 2586 Sepulcrum
946 2509 982 2571 D.
1016 2510 1053 2572 N.

305 2597 375 2660 lesu
403 2599 523 2665 Christi
550 2599 768 2664 claudebatur.
801 2601 836 2664 ln
863 2603 923 2666 hoc
948 2609 1054 2666 tamen

306 2693 495 2770 gravissimo
516 2709 666 2756 moerore
688 2701 799 2757 nostro
821 2695 949 2774 aliquod
970 2715 1055 2761 acce-

304 2787 411 2865 pimus
432 2783 695 2860 allevamentum,
720 2795 753 2850 et
771 2789 868 2851 simul
887 2789 989 2852 allecti
1004 2809 1055 2854 su-

305 2896 377 2942 mus
399 2886 489 2942 motu
511 2880 610 2942 animi
630 2880 716 2944 dulci
737 2897 771 2944 ac
801 2882 953 2956 iucundo,
981 2900 1055 2946 cum

304 2973 539 3047 intelleximus,
555 2990 681 3036 sacrum
697 2974 892 3053 depositum,
909 2978 983 3040 licet
997 2997 1055 3042 un·

305 3069 402 3148 dique
422 3069 559 3132 flammis
587 3076 673 3132 esset
700 3069 951 3144 circumdatum,
975 3073 1055 3136 inte·

305 3178 400 3240 grum
413 3169 508 3241 atque
521 3163 684 3227 incolume
696 3180 769 3226 cum
782 3180 895 3241 magna
908 3167 1054 3230 omnium

303 3257 514 3320 admiratione
524 3257 622 3320 luisse
633 3267 809 3322 servatum.
823 3259 967 3334 interim,
980 3278 1053 3324 cum

303 3352 373 3414 sino
408 3367 537 3414 summo
564 3351 675 3414 dolore
710 3353 968 3443 animadvertere
1000 3373 1055 3418 ne-

304 3460 460 3523 queamus
481 3462 567 3507 nnnc
589 3445 774 3522 neglectum
796 3447 899 3511 iacere
922 3467 955 3512 ac
975 3457 1054 3512 ιιιιι-

304 3555 420 3618 porum
442 3539 569 3602 iniuriis
591 3541 767 3602 obnoxium
790 3547 853 3602 tam
876 3543 1052 3619 pretiosum

304 3634 1053 3714 monumentumnostraelledemptionis,quod

304 3729 416 3791 tldeles
437 3744 567 3806 semper
598 3744 711 3791 omnes
736 3731 893 3807 singulari
921 3746 1071 3818 venera--

305 3823 391 3885 tione
419 3823 610 3902 prosequuti
637 3829 730 3896 sunt,
764 3823 855 3886 cuius
882 3825 981 3902 gratia
1008 3843 1054 3888 sa·

303 3932 371 3979 oras
386 3916 663 3996 peregrinationes
672 3926 894 3995 susceperunt,
908 3919 959 3980 oui
971 3935 1053 3982 sem-

304 4026 362 4090 por
396 4009 515 4074 auxilio
555 4025 627 4072 esse
661 4010 857 4074 studuerunt
890 4011 1053 4076 christiani

304 4103 462 4183 principes
484 4120 603 4182 magno
620 4111 750 4184 sumptu
768 4105 936 4188 multoque
952 4107 1053 4170 eiiuso

303 4199 472 4275 sanguine,
490 4199 577 4276 quod
597 4214 726 4277 semper
748 4215 951 4264 summorum
974 4203 1053 4266 Pon·

305 4291 425 4354 tillcum
448 4293 733 4370 praedecessorum
756 4299 942 4358 nostrorum
962 4313 1052 4359 curas

303 4385 450 4449 exercuit
470 4393 503 4448 ct
523 4385 766 4459 sollicitudines,
790 4388 828 4450 ad
850 4391 1052 4453 reaedifican-

303 4479 379 4542 dum
402 4479 560 4558 templum
583 4481 793 4558 cogitationes
815 4487 848 4542 et
861 4483 965 4545 studia
979 4499 1053 4546 con-

307 4573 474 4635 vertimus.
497 4570 587 4647 Quod
610 4589 648 4636 eo
671 4575 771 4651 magis
793 4574 974 4638 laciendum
998 4593 1053 4656 pu-

302 4666 451 4740 tavimus,
475 4669 627 4743 quoniam
648 4667 741 4731 valde
763 4671 975 4732 metuendum
991 4677 1050 4745 est,

303 4775 344 4822 nc
366 4759 518 4822 haeretici
548 4767 581 4822 et
605 4760 816 4834 schismatici,
840 4763 895 4841 qui
922 4779 1051 4826 omnem

302 4869 432 4932 semper
460 4853 620 4916 dederunt
648 4870 796 4933 operam,
826 4864 862 4918 ut
891 4858 950 4919 hoc
973 4865 1052 4920 tem-

303 4947 392 5026 plum
418 4947 614 5020 obtinerent,
647 4946 727 5011 illud
755 4965 815 5011 suo
842 4957 973 5030 sumptu
1002 4967 1052 5014 re-

303 5041 471 5106 aedificare
493 5040 606 5113 velint,
630 5057 671 5103 ox
692 5058 796 5120 eoquo
811 5043 983 5107 catholicos
998 5061 1051 5106 ex-

302 5133 437 5213 pellere,
454 5135 540 5210 quod
555 5151 621 5197 non
642 5135 748 5198 solum
764 5137 867 5211 nobie,
884 5139 938 5200 sed
955 5139 1050 5201 etiam

302 5227 457 5290 catholico
481 5227 551 5290 orbi
569 5227 735 5302 universo,
753 5245 907 5308 magnum
922 5232 1053 5296 afferret

302 5321 441 5385 dedecus
456 5329 490 5385 et
503 5337 700 5386 moerorem.
717 5322 797 5386 ldinc
811 5325 918 5388 statim
933 5343 967 5387 ac
982 5326 1051 5388 eius

301 5417 350 5478 rei
372 5414 528 5478 certiores
549 5413 621 5478 lacti
642 5431 766 5490 sumus,
796 5435 812 5478 a
834 5419 925 5480 nobis
946 5418 1050 5480 iussus

302 5517 352 5572 est
378 5517 490 5573 noster
517 5506 659 5571 Nuncius
687 5525 803 5588 rogaro
831 5519 863 5574 ιι
895 5512 1050 5575 maiorem

300 5603 334 5666 in
357 5605 501 5676 modum,
524 5611 561 5667 ut
580 5603 782 5683 imperialem
808 5605 1050 5670 internuncium

302 5703 396 5760 tuum
407 5697 699 5778 Constantinopolis
713 5715 842 5762 omnem
855 5701 965 5764 iubeas
977 5703 1055 5764 dare

302 5805 445 5870 operam,
468 5799 505 5854 ut
525 5808 651 5854 summa
674 5809 734 5872 ope
765 5800 894 5857 tueatur
925 5811 1050 5858 causam

302 5884 545 5958 catholicorum,
568 5893 725 5965 curetque
746 5887 930 5965 diligenter,
953 5895 990 5952 ιιι
1010 5889 1052 5952 ia·

301 5978 403 6044 cnltas
423 5981 647 6046 reaedificandi
668 5982 781 6062 templi
802 5989 924 6047 tantum
940 6001 1053 6048 conce-

410 6129 469 6174 dur.
485 6131 561 6172 Pont.
578 6131 610 6174 de
624 6133 704 6184 Prop.
720 6132 783 6175 Ftcte
797 6131 883 6177 Partis
897 6133 917 6176 1.
931 6131 987 6176 vol.
1002 6135 1054 6177 vll.

1113 724 1205 787 datur
1228 724 1346 790 Latinis
1363 746 1421 792 seu
1436 729 1599 804 branchis,
1617 731 1754 798 exclusis
1769 731 1863 794 Crac-

1113 819 1155 880 cis
1177 827 1210 882 et
1234 819 1395 895 hrmenis,
1425 840 1490 886 non
1521 825 1626 888 solum
1659 825 1733 902 quia
1761 824 1863 888 Latini

1112 913 1150 974 ab
1172 915 1395 992 antiquissimo
1418 925 1575 997 tempore,
1592 922 1676 996 qnod
1693 919 1863 981 hominum

1114 1008 1302 1070 memoriam
1325 1021 1465 1088 superat,
1489 1013 1569 1075 illud
1598 1015 1667 1076 sine
1699 1013 1764 1076 ulla
1790 1029 1864 1076 con-

1113 1103 1269 1164 troversia
1300 1105 1483 1180 possident,
1511 1108 1567 1170 sed
1595 1108 1690 1168 etiam
1721 1107 1793 1184 quia
1822 1108 1864 1169 ita

1113 1193 1222 1256 lerunt
1243 1203 1330 1273 pacta
1351 1207 1508 1260 conventa
1530 1199 1615 1262 iuter
1636 1199 1786 1269 Carolnm
1810 1199 1861 1262 vl.

1113 1289 1394 1364 praedecessorem
1417 1297 1509 1354 tuum
1532 1300 1565 1354 ιι
1579 1293 1753 1372 imperium
1768 1292 1864 1355 Otho-

1113 1398 1243 1445 manum
1273 1383 1305 1446 in
1335 1383 1455 1446 celebri
1483 1393 1616 1449 tractatu
1649 1387 1861 1449 Passarovitii.

1112 1475 1250 1552 Egregia
1266 1477 1364 1554 pietas
1375 1478 1585 1558 studiumque
1600 1481 1798 1558 praeclarum
1814 1497 1864 1544 ra·

1113 1569 1240 1647 ligionis
1270 1579 1361 1634 tuum
1394 1574 1476 1636 hand
1507 1590 1582 1636 sane
1615 1591 1673 1637 nos
1704 1575 1780 1638 sinit
1807 1577 1864 1638 du·

1112 1664 1224 1737 bitare,
1248 1666 1326 1742 quin
1348 1682 1383 1728 ea
1406 1668 1445 1730 de
1467 1683 1502 1729 re
1525 1668 1670 1731 mandata
1691 1670 1754 1730 iam
1769 1671 1864 1732 dede·

1113 1757 1167 1818 ris.
1192 1756 1253 1820 Sed
1276 1757 1406 1820 interim
1428 1761 1591 1836 quomodo
1613 1769 1676 1823 tam
1697 1771 1864 1840 sumptuo-

1112 1867 1184 1913 sum
1211 1868 1290 1930 opus
1322 1853 1528 1916 absolveturi
1562 1854 1712 1917 Tenuitas
1743 1855 1863 1919 virium

1112 1951 1294 2008 nostrarum
1319 1947 1352 2010 in
1374 1948 1434 2010 hoc
1455 1964 1565 2011 rerum
1596 1949 1781 2012 discrimine
1809 1952 1863 2011 vix

1113 2055 1207 2116 opem
1230 2041 1322 2103 valde
1344 2041 1494 2119 exiguam
1517 2059 1575 2106 nos
1590 2043 1676 2105 ierre
1691 2043 1861 2121 permittit.

1113 2132 1305 2212 Scripsimus
1328 2137 1364 2197 ad
1381 2151 1479 2198 venn.
1495 2137 1611 2200 iratres
1629 2137 1811 2215 Episcopos,
1827 2146 1864 2199 ui

1112 2228 1145 2288 in
1167 2230 1228 2292 hoc
1249 2237 1313 2291 tam
1336 2239 1480 2294 sanctum
1504 2247 1583 2309 opus
1611 2231 1730 2308 aliquid
1756 2231 1863 2294 conlc-

1113 2335 1185 2388 rant
1206 2333 1339 2401 atquea
1366 2325 1492 2402 populis
1513 2324 1572 2386 sibi
1602 2324 1731 2388 creditis
1757 2325 1863 2388 conle-

1113 2419 1249 2481 randum
1273 2425 1398 2491 curent,
1422 2420 1476 2481 sed
1500 2435 1613 2497 parum
1641 2435 1771 2498 sperare
1794 2435 1863 2498 pos-

1111 2528 1225 2574 sumus
1247 2513 1287 2574 ob
1310 2519 1493 2590 temporum
1519 2512 1750 2575 difficultatem.
1780 2511 1863 2587 Quo·

1111 2621 1184 2666 rum
1208 2606 1307 2682 igitur
1328 2605 1361 2668 in
1390 2605 1450 2668 hoc
1483 2613 1568 2669 tanto
1600 2607 1735 2684 negocio
1766 2613 1862 2684 atque

1111 2699 1144 2761 in
1166 2699 1215 2762 his
1235 2701 1390 2777 angustiis
1413 2700 1618 2763 exorabimus
1640 2716 1734 2779 opem
1756 2708 1789 2763 et
1810 2717 1862 2763 an-

1111 2793 1237 2865 xilium,
1261 2795 1323 2856 nisi
1344 2794 1556 2872 imploremus
1578 2795 1730 2872 pietatem
1759 2801 1792 2858 et
1813 2811 1862 2858 re·

1111 2889 1265 2966 liginnem
1294 2888 1525 2950 catholicorum
1553 2889 1734 2968 principum
1767 2897 1862 2968 atque

1110 2983 1143 3045 in
1166 2983 1278 3060 primis
1299 2981 1473 3059 imperialis
1495 2989 1528 3044 et
1552 2983 1661 3059 regiae
1689 2983 1862 3048 maiestatis

1110 3085 1195 3149 tuae,
1219 3091 1300 3153 quae
1321 3083 1369 3140 tot
1389 3075 1538 3138 exhibuit
1563 3075 1709 3138 eiusdem
1735 3079 1861 3155 pietatis

1110 3179 1143 3234 et
1164 3169 1330 3246 religionis
1353 3168 1512 3247 praeclara
1540 3177 1741 3245 argumenta,
1772 3186 1861 3248 prae·

1110 3265 1222 3328 sertim
1245 3262 1477 3326 liberalissimis
1495 3262 1646 3325 subsidiis
1661 3279 1766 3341 nuper
1780 3265 1859 3326 datis

1110 3359 1233 3420 dilectis
1255 3357 1329 3419 filiis
1343 3355 1503 3434 religiosis
1519 3356 1595 3416 viris
1612 3356 1787 3419 Minoribus
1801 3357 1859 3421 lle-

1109 3451 1253 3514 lormatis
1282 3449 1582 3528 Constantinopolis
1614 3459 1647 3513 et
1674 3449 1859 3529 Capuccinis

1109 3545 1276 3622 Ceorgiae,
1300 3561 1334 3607 ac
1363 3560 1460 3607 vanu.
1491 3545 1643 3616 iratribus
1674 3543 1856 3619 Romaniae,

1110 3639 1260 3702 Thraciae
1283 3647 1315 3702 ιι
1336 3639 1431 3702 maris
1447 3639 1568 3718 Aegeii
1584 3641 1691 3718 ltaque
1707 3657 1859 3719 rogamus

1111 3739 1141 3794 te
1164 3748 1221 3810 per
1247 3733 1370 3795 viscera
1399 3733 1637 3796 misericordiae
1667 3733 1703 3796 ll.
1726 3734 1764 3796 N.
1787 3734 1859 3798 lesu

1109 3824 1240 3898 Christi,
1264 3834 1301 3889 ut
1328 3825 1433 3888 laneas
1465 3826 1656 3904 adiutorque
1681 3828 1723 3888 sis
1755 3829 1856 3907 operi,

1109 3921 1195 3998 qnod
1210 3935 1285 3982 eum
1301 3927 1423 3998 spectat
1437 3919 1570 3992 directo,
1588 3926 1682 3997 atque
1698 3920 1759 3983 hoc
1771 3937 1858 4000 prae-

1109 4021 1173 4076 stes
1197 4015 1389 4092 obsequium
1411 4013 1533 4076 instum
1554 4031 1589 4076 ac
1619 4014 1763 4076 debitum
1793 4031 1859 4078 me-

1110 4109 1230 4172 moriae
1245 4108 1468 4186 lledemptoris
1483 4108 1596 4182 nostri,
1614 4108 1729 4172 collato
1746 4127 1785 4173 ex
1800 4108 1858 4174 im-

1110 4203 1220 4278 periali
1242 4203 1365 4264 aerario
1387 4201 1512 4263 liberali
1533 4201 1676 4265 subsidio
1699 4219 1757 4281 pro
1771 4220 1859 4267 reac-

1109 4295 1264 4358 didcando
1281 4295 1401 4371 templo
1421 4294 1452 4357 S.
1477 4293 1634 4373 sepulcri,
1658 4296 1779 4360 scilicet
1800 4313 1858 4374 pro

1110 4389 1232 4452 honore
1255 4387 1316 4450 loci
1346 4386 1402 4452 obi
1422 4393 1579 4451 steterant
1602 4387 1694 4469 pedes
1718 4390 1796 4452 eins.
1826 4391 1858 4454 Sl

1109 4483 1215 4545 divina
1237 4499 1297 4560 ope
1319 4483 1445 4560 protegi
1468 4484 1639 4561 omniaque
1661 4485 1694 4545 in
1723 4490 1779 4546 tuo
1799 4485 1858 4548 im-

1109 4577 1199 4654 perio
1220 4577 1320 4638 inusta
1342 4593 1375 4638 ac
1397 4592 1550 4656 prospera
1581 4593 1652 4640 esse
1678 4577 1778 4656 cupis,
1802 4579 1857 4642 Dei

1109 4670 1267 4732 honorem
1290 4679 1322 4734 ιι
1344 4670 1478 4747 gloriam
1502 4671 1587 4732 tueri
1607 4688 1642 4733 ao
1663 4687 1858 4748 promovere

1108 4763 1216 4826 debes.
1240 4762 1336 4826 Certo
1357 4764 1476 4826 scimus
1498 4771 1530 4826 ιι
1552 4763 1632 4827 nihil
1662 4764 1856 4830 omissurum

1108 4873 1234 4930 eorum,
1259 4873 1339 4934 quae
1369 4857 1407 4920 ad
1435 4873 1506 4920 rem
1533 4865 1651 4922 tanum
1675 4861 1855 4937 pertinent,

1108 4967 1142 5014 ac
1163 4952 1219 5013 tibi
1242 4967 1428 5029 persuasum
1451 4953 1502 5025 sit,
1527 4969 1592 5014 non
1618 4953 1713 5016 modo
1739 4961 1771 5016 ιι
1793 4971 1857 5018 ma-

1109 5061 1204 5122 gnam
1226 5063 1242 5107 a
1263 5044 1328 5108 lleo
1351 5047 1536 5108 mercedem
1558 5063 1627 5109 esse
1642 5057 1857 5127 consequutu-

1107 5155 1192 5212 rum,
1208 5140 1263 5201 sed
1279 5141 1374 5202 etiam
1391 5140 1684 5203 benemeritorum
1700 5143 1739 5205 de
1755 5143 1856 5206 omni-

1108 5233 1167 5295 bus
1189 5232 1380 5306 christianis,
1404 5233 1459 5310 qui
1487 5233 1582 5296 huius
1611 5239 1781 5300 sanctuarii
1806 5254 1856 5301 re-

1108 5326 1308 5388 stitutionem
1331 5327 1547 5390 vehementer
1569 5328 1714 5407 cupiunt,
1738 5347 1772 5392 ac
1787 5330 1854 5404 libi,

1107 5419 1270 5482 carissima
1291 5420 1324 5482 in
1349 5420 1476 5484 Christo
1504 5422 1550 5483 tili
1580 5431 1702 5496 nostor,
1732 5425 1855 5502 totique

1106 5513 1265 5592 imperiali
1286 5531 1321 5576 ac
1342 5517 1450 5592 regiae
1473 5515 1582 5578 domui
1611 5517 1725 5581 intimo
1753 5519 1856 5582 cordis

1107 5608 1221 5672 aflectu
1243 5607 1446 5686 apostolicam
1467 5608 1727 5673 benedictionem
1751 5629 1856 5674 aman-

1106 5702 1230 5765 tissime
1251 5702 1467 5780 impertimur.

1147 5797 1261 5860 Datum
1288 5797 1416 5872 Romae,
1446 5800 1528 5877 apud
1555 5798 1587 5862 S.
1611 5799 1740 5862 liariam
1762 5800 1856 5864 bloio·

1110 5907 1193 5965 rem,
1216 5891 1276 5953 sub
1297 5891 1417 5954 annulo
1439 5892 1616 5965 Piscatoris,
1638 5893 1689 5955 die
1710 5911 1732 5956 ι.
1749 5894 1856 5958 martii

1110 5999 1277 6061 nncncrx„
1301 5985 1504 6066 pontificatus
1525 5987 1628 6050 nostri
1648 6002 1732 6049 anno
1753 6003 1799 6051 nx.

1722 6136 1749 6178 28

1784 591 1843 656 etr
1900 591 1952 646 hu.
1966 590 1994 648 C.
2009 587 2077 650 {809
