4756 6994
347 583 399 640 Αιι.
413 583 441 640 C.
457 584 524 642 itta
581 580 638 646 ιῧθ

561 721 641 784 ιιιοι
661 735 768 783 coram
797 719 1071 782 reverendissimo
1100 719 1231 782 domino
1253 719 1305 780 Pa-

562 813 708 886 triarcba,
732 813 903 876 autetiam
928 814 1081 876 adversus
1103 813 1305 876 reverendis-

561 907 633 970 simi
655 907 778 970 domini
793 907 990 970 Patriarcbae
1009 915 1232 986 procuratores
1255 924 1303 970 co-

561 1017 628 1064 ram
652 999 763 1064 Sancta
785 998 884 1074 Sede,
908 1001 934 1062 si
957 1017 1012 1062 eos
1037 1001 1089 1064 illa
1118 1009 1305 1080 pervertere

559 1095 744 1172 contingat,
775 1093 865 1157 nullo
894 1095 989 1158 modo
1020 1095 1186 1174 probibet,
1215 1095 1304 1158 dum-

561 1187 656 1250 modo
685 1187 757 1250 ida
789 1187 880 1250 nobis
911 1189 1055 1251 modeste
1086 1205 1120 1250 ao
1152 1188 1304 1265 religiose

560 1289 593 1344 et
606 1281 676 1343 sine
691 1283 833 1358 ipsorum
857 1281 1019 1358 dignitatis
1034 1289 1220 1360 contemptu
1240 1281 1302 1344 dat.

559 1373 679 1438 Eadem
700 1374 824 1437 ratione
839 1375 1026 1438 declaranda
1041 1381 1088 1437 est
1106 1377 1303 1448 constitutio,

559 1484 640 1546 quae
655 1467 791 1531 babetur
803 1475 883 1546 part.
897 1485 940 1540 v.,
957 1484 1023 1547 cap.
1039 1485 1122 1540 ιιιι.,
1140 1485 1217 1530 num
1234 1486 1302 1542 ιιι,

559 1563 599 1626 de
621 1562 732 1641 poenis
749 1563 782 1623 in
803 1560 976 1624 violatores
992 1561 1088 1624 buius
1110 1563 1242 1640 regulae
1259 1564 1304 1626 in·

559 1655 660 1718 dictis.

599 1768 617 1810 a
631 1747 759 1822 Octavo,
773 1757 853 1828 part.
867 1767 915 1823 u.,
928 1765 995 1828 cap.
1010 1765 1066 1822 ιιι,
1081 1765 1171 1814 num.
1185 1767 1240 1814 ιιι
1258 1749 1304 1814 Νι

559 1843 658 1906 ullam
679 1857 799 1905 sacram
822 1842 1020 1906 functionem
1043 1859 1116 1906 cum
1138 1845 1305 1908 saeculari-

560 1937 619 2000 bus
646 1936 700 1999 ιιι
728 1953 804 2014 erga
832 1937 1221 2011 saeculares-exerceant,
1244 1940 1304 2002 nisi

559 2031 648 2092 iussu
660 2029 806 2108 Episcopi
820 2039 853 2092 et
868 2031 1065 2110 beneplacito
1078 2033 1303 2110 parochorum.

559 2122 675 2185 Curam
697 2124 876 2186 animarum
899 2132 1086 2204 perpetuam
1102 2127 1250 2191 monachi
1265 2143 1305 2190 ne

560 2223 691 2294 gerant,
716 2233 822 2295 neque
844 2220 879 2280 ad
904 2227 1030 2298 tempus
1052 2221 1084 2282 in
1106 2222 1304 2294 civitatibus,

558 2311 627 2373 sine
655 2310 781 2373 licentia
810 2315 1073 2377 reverendissimi
1102 2316 1223 2380 alemini
1253 2318 1305 2378 Pa-

560 2403 716 2467 triarcbae
738 2421 772 2466 ac
793 2403 939 2484 Episcopi
962 2407 1124 2470 ordinarii.

599 2497 717 2560 «Hanc
737 2499 999 2562 constitutionem
1024 2501 1065 2562 ita
1093 2503 1305 2583 intelligimus

559 2591 641 2654 sicut
661 2607 757 2669 supra
774 2592 957 2670 expositum
974 2599 1023 2656 est
1038 2610 1126 2656 num.
1144 2613 1192 2658 ιιι.
1216 2597 1304 2673 Quod

559 2691 667 2748 autern
688 2685 826 2757 additur,
851 2686 890 2748 de
912 2703 987 2748 cura
1007 2687 1186 2751 animarum
1208 2694 1303 2756 etiam

559 2777 596 2840 ad
620 2786 747 2856 tempus
769 2777 801 2838 in
823 2779 1004 2843 civitatibus
1024 2779 1093 2844 sine
1109 2783 1234 2846 licentia
1256 2801 1305 2848 re-

557 2870 784 2934 verendissimi
807 2874 928 2936 domini
961 2875 1158 2940 Patriarcbae
1180 2884 1213 2941 et
1234 2879 1304 2958 Epi-

558 2965 645 3043 scopi
667 2965 819 3027 ordinarii
843 2983 907 3029 non
927 2968 1139 3042 admittenda,
1166 2972 1303 3035 declara-

559 3073 630 3121 mus
650 3058 838 3123 alterutrius
860 3060 1020 3125 licentiam
1042 3063 1074 3124 in
1092 3081 1130 3126 ιο
1146 3082 1218 3128 casu
1240 3068 1304 3129 sul-

559 3153 673 3224 ficere,
697 3153 796 3225 idest,
820 3153 873 3216 vel
894 3157 1157 3219 reverendissimi
1183 3160 1304 3224 domini

558 3246 756 3308 Patriarcbae
778 3246 830 3309 vel
852 3247 998 3326 Episcopi
1021 3249 1188 3313 ordinarii:
1214 3259 1246 3316 et
1260 3255 1304 3318 sic

559 3339 598 3402 de
620 3339 826 3404 missionibus
848 3341 880 3402 in
902 3342 1029 3405 civitate
1051 3344 1103 3407 vel
1120 3345 1151 3408 in
1167 3346 1304 3410 dioecesi

558 3433 787 3514 Episcoporum
811 3435 961 3499 iaciendis
982 3435 1229 3515 intelligendum
1245 3447 1302 3506 est.

599 3547 617 3591 ι
632 3527 735 3601 Νοιο,
753 3536 832 3607 part.
845 3545 893 3602 11.,
911 3546 977 3608 cap.
991 3547 1069 3606 ιιι,
1084 3549 1173 3596 num.
1188 3553 1221 3596 r.:
1241 3537 1303 3600 llo-

559 3621 692 3686 nialium
713 3639 821 3685 curam
838 3623 916 3686 ordo
933 3631 1041 3687 noster
1063 3641 1128 3688 non
1143 3629 1301 3708 suscipiat,

559 3715 617 3777 nisi
641 3717 680 3778 de
705 3733 862 3780 consensu
889 3719 1151 3782 reverendissimi
1182 3723 1302 3788 domini

558 3809 755 3873 Patriarcbae
771 3817 804 3872 et
817 3811 964 3890 Episcopi
986 3811 1165 3877 dioecesani
1181 3817 1213 3878 in
1229 3819 1303 3880 scri·

557 3904 619 3982 ptis
641 3903 798 3967 babendo.

597 3996 713 4059 «llaec
745 3999 862 4076 pariter
893 4001 1080 4065 constitutio
1111 4002 1302 4068 disiunctivc

557 4091 695 4169 requirit
714 4091 768 4154 vel
787 4091 933 4173 Episcopi
950 4095 1130 4159 dioecesani
1145 4097 1198 4160 ιιι
1213 4113 1303 4161 rove-

556 4185 741 4247 rendissimi
753 4185 873 4248 domini
886 4187 1083 4252 Patriarcbae
1095 4206 1300 4266 consensum,

555 4277 653 4355 idque
675 4284 737 4340 tam
765 4281 868 4356 quoad
894 4283 1086 4346 monasteria
1115 4284 1301 4349 monialium

556 4371 696 4444 lundata,
720 4386 815 4449 quam
838 4376 941 4452 quoad
964 4393 1044 4438 nova
1067 4375 1237 4442 lundanda.

595 4465 767 4540 «Decimo,
781 4467 899 4530 ibidem
912 4486 999 4532 num.
1014 4487 1082 4532 vm:
1098 4471 1190 4534 Nulla
1202 4474 1302 4536 Abba·

556 4560 630 4622 tissa
651 4559 705 4624 vel
727 4561 874 4624 monialis
896 4563 979 4625 ultra
1000 4563 1178 4627 triennium
1198 4567 1231 4629 in
1253 4584 1301 4630 ea-

555 4655 628 4716 dem
652 4655 807 4732 dignitate
834 4655 887 4718 vel
909 4656 1011 4719 officio
1034 4673 1164 4720 manere
1184 4669 1299 4738 potest,

554 4757 608 4812 aut
635 4751 834 4821 confirmari,
867 4750 927 4811 nisi
949 4768 966 4812 a
994 4753 1149 4828 dignitate
1177 4756 1230 4818 vel
1257 4757 1300 4820 ol-

554 4843 626 4906 llcio
647 4859 705 4922 por
726 4844 892 4921 integrum
915 4843 1092 4906 triennium
1122 4852 1298 4924 vacaverit,

555 4937 614 4998 nisi
638 4937 809 5000 necessitas
834 4937 872 4999 ad
895 4939 1063 5016 petendam
1093 4941 1300 5019 dispensatio-

554 5046 629 5093 nem
652 5047 668 5093 a
683 5033 955 5094 reverendissimo
975 5033 1106 5096 domino
1123 5035 1300 5102 Patriareba

554 5123 707 5202 coegerit.

594 5225 612 5278 'c
626 5217 659 5279 ld
675 5218 715 5280 lta
730 5217 990 5295 intelligendum,
1005 5227 1051 5292 ut,
1065 5221 1120 5283 ubi
1137 5221 1299 5286 bbbatissa

554 5318 587 5374 et
608 5311 756 5374 officiales
782 5313 926 5377 existunt
952 5313 985 5375 in
1008 5315 1146 5378 dioecesi
1168 5317 1300 5380 Patriar-

554 5405 649 5478 cbae,
673 5406 865 5484 dispensatio
897 5407 1002 5471 eidem
1025 5413 1299 5476 reverendissimo

554 5500 684 5562 domino
699 5499 895 5564 Patriarcbae
908 5503 948 5564 sit
963 5511 1135 5567 reservata.
1149 5505 1209 5567 Ubi
1221 5523 1299 5569 vero

554 5593 741 5656 monialium
757 5597 990 5658 monasterium
1011 5598 1044 5660 in
1067 5598 1207 5662 dioecesi
1229 5601 1299 5680 Epi-

553 5689 640 5766 scopi
667 5688 765 5750 situm
795 5697 852 5762 est,
879 5709 894 5751 a
924 5689 1113 5754 dioecesano
1145 5693 1299 5774 Episcopo

554 5781 606 5843 vel
621 5783 892 5846 reverendissimo
905 5785 1036 5846 domino
1048 5785 1226 5850 Patriarcba
1239 5789 1300 5850 dis-

554 5875 696 5953 pensatio
718 5878 854 5954 petenda
876 5878 947 5939 erit.
981 5878 1103 5941 Eodem
1130 5882 1225 5942 modo
1247 5882 1300 5944 de·

554 5969 698 6034 claranda
719 5977 768 6034 est
789 5972 985 6046 constitutio,
1009 5987 1091 6050 quae
1105 5973 1225 6037 ibidem
1247 5975 1300 6038 ba-

1079 599 1144 647 tun.
1168 601 1260 646 ΡΟΝΤ.
1284 600 1325 646 btt
1346 599 1377 646 1⁹.
1400 600 1430 646 Ι.
1453 601 1537 646 PARS
1558 601 1581 647 l.

1361 719 1454 780 betur
1476 734 1566 782 num.
1584 735 1628 793 ιι,
1652 717 1862 790 Abbatissam,
1882 717 2013 792 scilicet,
2036 725 2110 780 ante

1361 811 1526 890 expletum
1558 813 1736 876 triennium
1768 828 1833 874 non
1865 828 1957 891 posse
1992 812 2109 890 deponi

1359 905 1479 984 absque
1512 905 1657 984 Episcopi
1684 913 1738 968 aut
1765 905 2029 968 reverendissimi
2056 906 2109 968 do·

1361 999 1441 1062 mini
1462 999 1660 1062 Patriarcbae
1683 999 1821 1062 licentia.

1400 1091 1617 1166 «Undecimo,
1633 1101 1713 1171 part.
1727 1109 1788 1166 ιιι.,
1802 1107 1868 1170 cap.
1882 1109 1944 1164 ιιι.,
1958 1109 2048 1154 num.
2059 1110 2107 1166 u.,

1360 1189 1457 1263 §mr
1483 1187 1591 1250 Potest
1615 1185 1718 1249 bbbas
1745 1187 1905 1264 generalis
1934 1202 2110 1266 congrega-

1362 1281 1481 1343 tionem
1512 1279 1716 1357 generalem,
1740 1279 1836 1342 etiam
1857 1287 1930 1343 ante
1960 1281 2110 1358 praescri-

1361 1381 1451 1453 ptum
1482 1381 1619 1452 tempus,
1647 1388 1824 1436 convocare
1856 1388 1895 1436 ιι
1930 1373 2109 1436 rationabili

1360 1483 1463 1539 causa,
1477 1467 1529 1530 vel
1546 1475 1618 1544 post
1629 1475 1775 1530 exactum
1789 1467 1965 1530 terminum
1978 1467 2108 1530 diiierre

1361 1563 1393 1625 in
1415 1561 1499 1624 aliud
1523 1567 1650 1638 tempus
1673 1561 1835 1638 usquead
1859 1560 2025 1624 biennium
2056 1562 2109 1625 vel

1360 1655 1556 1726 triennium,
1591 1655 1745 1717 consultis
1779 1662 1884 1716 tamen
1915 1654 2109 1731 hegumenis

1361 1751 1394 1812 ιι
1414 1749 1519 1812 habita
1548 1747 1733 1812 lacultatea
1759 1748 2033 1812 reverendissimo
2056 1751 2109 1811 do-

1361 1844 1449 1906 mino
1470 1830 1661 1905 Patriarcba.

1401 1935 1538 2010 «Quoad
1556 1935 1749 2000 triennalem
1765 1935 1958 1998 ordinariam
1975 1951 2109 2014 congre·

1362 2029 1497 2107 gationis
1520 2031 1681 2108 generalis
1703 2029 1978 2102 convocationem,
1998 2031 2108 2092 sutlra-

1363 2124 1415 2202 gio
1437 2123 1699 2202 begumenorum
1722 2123 1864 2194 obtento,
1879 2111 2108 2186 reverendissi-

1362 2234 1452 2280 mum
1484 2218 1650 2279 dominum
1687 2216 1899 2279 Patriarcbam
1933 2218 2106 2280 certiorem

1363 2311 1452 2374 iaciat
1474 2310 1576 2373 Abbas
1605 2311 1782 2388 generalis,
1806 2318 1842 2373 ut
1868 2327 1963 2390 supra
1987 2311 2105 2374 dictum

1362 2412 1421 2478 est,
1438 2421 1469 2466 n.
1488 2422 1516 2464 v.
1541 2399 1742 2482 Ubicumque
1760 2403 1846 2466 enim
1862 2401 2107 2468 constitutiones

1362 2505 1490 2561 nostrae
1511 2497 1630 2574 aliquid
1652 2497 1872 2576 praescribunt
1900 2497 1981 2560 circa
2002 2507 2107 2563 aucto-

1361 2593 1489 2655 ritatem
1521 2591 1786 2656 reverendissimi
1821 2590 1943 2654 domini
1974 2591 2107 2654 Patriar-

1361 2687 1438 2750 cbae
1466 2685 1686 2768 autflEpiscopi
1719 2685 1908 2758 dioecesani,
1932 2685 1966 2748 in
1995 2703 2053 2748 nos
2075 2695 2108 2749 et

1361 2787 1468 2844 nostra
1500 2779 1690 2842 monasteria
1720 2780 1750 2841 id
1780 2779 2030 2857 intelligendum
2059 2787 2108 2844 est

2138 577 2199 642 Ἀιι
2212 583 2240 640 G.
2255 585 2320 642 trra

1360 2877 1447 2938 iuxta
1463 2875 1590 2936 decreta
1612 2872 1697 2936 Sacri
1718 2873 1853 2937 Consilii
1876 2873 2054 2938 Tridentini
2076 2885 2108 2938 et
2204 2913 2207 2919 -

1360 2969 1537 3032 secundum
1549 2967 1652 3030 bullas
1663 2965 1874 3030 Summarum
1889 2967 2106 3032 Romanorum

1360 3063 1562 3131 Pontificum,
1579 3060 1695 3138 quibus
1711 3077 1770 3124 nos
1786 3062 1968 3124 humillime
1984 3063 2107 3126 obtem-

1361 3171 1473 3234 perare
1502 3155 1704 3234 profitemur.
1728 3154 1898 3232 Prorogari
1920 3163 2027 3218 autem
2054 3157 2105 3220 ιιι

1360 3251 1523 3329 anticipari
1538 3249 1831 3327 congregationem
1848 3250 2031 3326 generalem
2047 3251 2107 3330 (ni-

1360 3346 1386 3406 si
1408 3361 1466 3424 per
1488 3345 1611 3408 obitum
1634 3343 1762 3406 Abbatis
1785 3342 1959 3423 generalis)
1985 3361 2049 3406 non
2072 3343 2107 3406 li-

1360 3439 1461 3511 cebit,
1485 3440 1554 3500 sine
1586 3453 1736 3516 expressa
1764 3438 2025 3500 reverendissimi
2053 3440 2107 3501 do·

1361 3535 1440 3596 mini
1474 3533 1671 3597 Patriarcbae
1703 3531 1869 3604 facultate,
1899 3533 2106 3610 quemadmo-

1360 3630 1437 3691 dum
1459 3629 1492 3689 in
1514 3627 1637 3706 synodo
1666 3627 1781 3688 Montis
1804 3625 1915 3689 Libani
1937 3633 2017 3704 part.
2041 3643 2103 3698 rv.,

1360 3739 1426 3802 cap.
1450 3740 1499 3794 ιι.,
1524 3737 1612 3782 num.
1637 3737 1693 3794 vr.,
1718 3719 1945 3800 praescribitur
1973 3720 2007 3781 in
2029 3720 2106 3782 haec

1359 3815 1474 3878 verba:
1489 3847 1527 3862 -
1540 3815 1591 3878 Sic
1606 3815 1713 3886 etiam,
1730 3829 1831 3892 quum
1853 3813 2017 3876 triennalis
2032 3829 2106 3876 con·

1360 3910 1505 3988 gregatio
1527 3908 1671 3971 habenda
1692 3907 1764 3980 erit,
1788 3923 1853 3970 non
1875 3907 1967 3970 liceat
1999 3923 2106 3969 mona-

1359 4004 1444 4076 cbis,
1476 4017 1583 4080 neque
1612 4002 1756 4078 generali
1788 4015 1902 4064 eorum
1930 4016 2105 4078 congrega-

1361 4099 1449 4170 tioni,
1472 4098 1559 4160 illam
1582 4097 1617 4159 ad
1641 4097 1725 4158 aliud
1750 4104 1886 4174 tempus,
1910 4095 2005 4158 etiam
2034 4096 2105 4158 bre-

1359 4193 1539 4262 vissimum,
1563 4191 1705 4262 ditlerre,
1725 4190 1793 4252 sine
1816 4205 1965 4268 expressa
1979 4189 2106 4252 licentia

1360 4284 1623 4346 reverendissimi
1638 4283 1759 4346 domini
1772 4283 1969 4346 Patriarcbae
1985 4285 2017 4345 in
2030 4283 2106 4345 scri-

1359 4379 1419 4457 ptis
1441 4379 1602 4440 habenda:
1635 4377 1788 4456 alioquin,
1818 4377 1925 4456 elapso
1946 4377 2106 4456 praefiniti

1359 4473 1514 4551 temporis
1529 4473 1640 4550 spatio,
1658 4472 1754 4534 etiam
1769 4473 1865 4534 unius
1881 4471 1954 4544 diei,
1972 4472 2040 4550 ipse
2055 4487 2105 4534 re·

1358 4567 1610 4630 verendissimus
1625 4567 1775 4628 dominus
1790 4566 1979 4638 Patriarcba,
1996 4566 2105 4630 incon-

1357 4661 1449 4724 sultis
1483 4661 1662 4733 monacbis,
1686 4659 1823 4723 Abbates
1853 4667 1885 4722 et
1911 4659 1989 4722 alios
2012 4660 2105 4722 mini-

1356 4763 1439 4816 stros
1466 4755 1602 4826 creabit,
1627 4771 1727 4832 eaque
1750 4754 1855 4816 omnia
1877 4761 1966 4831 aget,
1989 4755 2105 4818 consti·

1357 4855 1426 4911 tuot
1446 4866 1480 4911 ac
1509 4849 1673 4927 disponet,
1705 4847 1843 4925 quaein
1873 4865 1908 4910 ea
1930 4864 2104 4925 congrega-

1358 4943 1444 5005 tione
1472 4943 1615 5019 generali
1648 4947 1755 5005 essent
1783 4943 1904 5020 agenda
1934 4947 1967 5004 et
1989 4943 2103 5004 consti·

1357 5037 1536 5098 tuenda.-

1396 5129 1632 5191 ‹buouecimc
1656 5129 1926 5192 constitutionem
1949 5129 2101 5207 denique,

1356 5237 1437 5300 quae
1470 5223 1607 5286 babetur
1636 5231 1715 5302 part.
1740 5241 1802 5294 ιιι.,
1829 5239 1895 5301 cap.
1919 5240 1968 5296 ιι.,
1992 5224 2032 5286 dc
2053 5240 2104 5286 re·

1357 5317 1489 5394 gimine,
1514 5318 1626 5380 ordine
1648 5325 1743 5394 atque
1765 5318 2017 5396 praeeminentia
2043 5316 2104 5380 db·

1356 5411 1476 5484 batum‚
1500 5412 1545 5472 sic
1566 5411 1775 5484 declaramus,
1809 5419 1845 5474 ut
1867 5411 2025 5474 Abbatum
2048 5428 2103 5473 nn-

1356 5505 1443 5568 mine
1458 5505 1659 5583 significetur
1674 5506 1779 5585 primo
1798 5506 1901 5570 Abbas
1924 5505 2101 5583 generalis3

1356 5600 1472 5662 deinde
1501 5607 1638 5676 quatuor
1660 5601 1860 5678 llegumeni;
1890 5601 1987 5662 tertio
2016 5599 2103 5662 Vica-

1356 5694 1423 5754 rius
1453 5692 1630 5769 generalis;
1664 5703 1778 5771 quarto
1808 5693 1946 5756 libbates
1974 5694 2103 5771 provin·
2185 5708 2186 5712 ’

1356 5788 1493 5862 ciarum,
1523 5788 1637 5864 quinto
1659 5787 1795 5850 Abbates
1818 5787 2100 5852 monasteriorum.

1396 5881 1507 5943 altem
1537 5881 1709 5944 definimus
1735 5881 1872 5946 Abbates
1897 5881 2100 5956 huiusmodi,

1356 5977 1424 6038 sive
1446 5981 1515 6038 actu
1539 5975 1757 6052 gubernantes
1776 5977 1843 6038 sive
1858 5974 1961 6038 officio
1976 5992 2034 6039 suo
2050 5977 2103 6040 de-
