4814 6992
917 639 1093 688 (vasconius
1114 638 1166 686 1⁹1³.
1189 637 1242 684 IV.

304 771 378 820 rum
401 757 631 822 beneficiorum
654 757 953 830 ecclesiasticorum,
977 773 1051 820 curn

304 851 380 912 curi
396 857 428 914 et
441 851 511 914 sine
526 853 613 924 curt,
633 852 826 914 secularium
850 869 884 914 ac
898 866 1053 929 quorum·

305 944 354 1006 vis
382 943 537 1008 Ordinum
566 953 598 1008 et
619 944 803 1008 llilitiarum
833 945 1050 1022 regularium,

305 1041 401 1100 etiarn
422 1039 586 1116 hospitalis
603 1039 701 1102 sancti
723 1039 848 1102 loannis
870 1037 1052 1117 Hierosoly·

306 1132 428 1204 mitani,
447 1133 752 1210 quomodocumque
774 1139 806 1196 et
826 1132 1054 1212 qualitercum-

306 1241 369 1304 que
390 1227 657 1304 qualificatorum.
674 1227 839 1300 iructibus,
862 1227 1052 1299 redditibus,

306 1321 533 1398 proventibus,
568 1322 711 1394 iuribus,
744 1322 994 1385 obventionibus
1020 1337 1054 1384 ac

306 1413 597 1489 distributionibus,
627 1417 722 1478 etiam
751 1416 956 1494 quotidianis,
979 1415 1054 1494 ipsis

307 1525 393 1572 nunc
423 1515 457 1572 et
486 1524 543 1587 pro
575 1515 720 1588 tempore
753 1515 950 1580 reservatas,
980 1508 1055 1570 assi-

308 1610 434 1681 gnatas,
466 1621 500 1666 ac
532 1604 742 1666 reservandas
770 1611 803 1666 et
830 1602 1052 1680 assignandas,

308 1713 366 1776 pro
380 1697 504 1760 summa
519 1697 671 1760 videlicet
686 1697 940 1774 quingentorum
963 1697 1056 1759 duca-

308 1798 414 1853 torum
445 1791 514 1852 auri
546 1791 585 1854 de
618 1791 742 1854 camera
775 1791 878 1868 quoad
910 1790 1055 1867 singulos

307 1901 433 1956 eornm,
456 1885 725 1964 quandocumque
749 1884 842 1948 alicui
869 1899 983 1946 eorum
1005 1897 1056 1944 re·

306 1980 447 2058 spective
469 1979 635 2057 placuerit,
658 1977 756 2042 simul
777 1977 831 2040 rel
861 1977 1054 2048 successive,

308 2075 342 2136 in
364 2079 430 2135 toto
450 2073 504 2134 vel
526 2073 558 2135 in
581 2079 681 2152 parte,
706 2071 801 2134 etiam
823 2073 856 2134 in
885 2069 1058 2133 cuiuslibet

309 2183 423 2230 eorum
446 2167 559 2230 mortis
582 2166 728 2238 articulo,
751 2181 874 2228 cassare
901 2171 934 2226 et
954 2165 1056 2226 extin-

309 2279 421 2339 guere,
444 2279 478 2324 ac
500 2267 668 2340 postquam
691 2265 826 2322 cassatae
844 2265 877 2322 et
898 2259 1057 2322 extinctae

309 2356 446 2428 inerint,
477 2354 552 2416 alias
580 2353 703 2416 similes
734 2352 906 2431 pensiones
937 2366 1057 2414 annuas

308 2465 407 2529 super
428 2447 548 2512 eisdem
573 2447 742 2520 fructibus,
768 2445 962 2518 redditibus,
986 2461 1058 2522 pro-

308 2545 469 2616 ventibus,
493 2542 629 2614 luribus,
647 2541 894 2604 obventionibus
909 2545 942 2602 et
953 2538 1058 2601 distri-

308 2638 506 2709 butionibus,
522 2651 627 2714 usque
647 2635 685 2698 ad
707 2649 866 2696 summam
889 2641 922 2695 et
935 2631 1059 2710 quanti-

311 2739 407 2796 tatem
430 2730 635 2810 praedictam,
662 2728 793 2792 uniret
822 2727 968 2806 pluribus
989 2725 1058 2788 allis

309 2826 468 2906 personis,
481 2825 576 2887 etiam
589 2839 646 2902 per
662 2839 717 2886 eos
733 2821 947 2893 nominandis
963 2821 1058 2882 etiam

309 2935 544 2998 quaecumque,
571 2923 791 2994 quotcumque
813 2923 846 2978 et
867 2914 1059 2992 qualiacum-

309 3031 375 3093 que
407 3013 561 3076 benoncia
597 3010 808 3074 ecclesiastica
841 3007 1060 3072 obtinentibus

310 3116 345 3172 et
359 3107 612 3186 expectantibus,
629 3121 687 3168 seu
703 3103 841 3168 clericali
860 3103 974 3166 saltem
989 3101 1060 3164 cha-

309 3209 435 3266 ractere
456 3199 630 3280 insignitis,
647 3207 680 3264 et
697 3199 773 3262 alias
787 3199 981 3276 pensionum
1003 3197 1060 3258 hu-

308 3295 450 3360 iusmodi
472 3294 647 3373 capacibus,
665 3294 759 3356 etiarn
783 3292 828 3354 eis
847 3291 950 3369 quoad
972 3291 1061 3354 rixe-

309 3393 378 3456 rint
398 3391 450 3454 vel
472 3404 586 3452 eornm
613 3385 875 3466 procuratoribus
904 3385 941 3447 ad
969 3386 1000 3448 id
1023 3386 1061 3448 ab

310 3486 357 3549 eis
376 3483 514 3564 speciale
528 3483 712 3545 mandatum
726 3480 930 3551 habentibus,
947 3479 1059 3542 iisdem

310 3581 409 3644 modo
424 3585 456 3643 et
466 3577 581 3650 iorma,
592 3576 709 3654 qulbus
721 3575 842 3636 eisdem
860 3573 1059 3646 Patriarcbis,

311 3672 567 3752 archiepiscopis
583 3677 616 3734 et
628 3669 805 3748 Episcopis,
819 3685 853 3732 ao
869 3685 983 3732 eorum
998 3669 1062 3730 sin·

312 3768 399 3847 gulis
430 3771 614 3829 reservatae
646 3769 679 3826 et
709 3764 886 3841 assignatae
917 3761 1060 3836 luerint,

311 3863 407 3926 etiam
430 3860 551 3938 absque
565 3873 724 3922 consensu
740 3857 868 3920 easdem
890 3857 1062 3934 pensiones

310 3956 439 4020 solvero
469 3951 656 4017 debentium
686 3949 826 4028 desuper
856 3949 1060 4028 praestando,

311 4065 416 4128 nsque
438 4047 475 4110 ad
498 4060 659 4108 summam
681 4051 715 4106 et
735 4043 946 4120 quantitatem
975 4060 1063 4122 prae-

312 4143 449 4213 dictam,
484 4141 579 4204 etiam
611 4138 725 4202 litteris
753 4138 934 4217 apostolicis
965 4155 1063 4218 super

313 4234 589 4300 reservationibus
611 4240 644 4296 et
664 4232 932 4310 assignationibus
955 4233 1063 4296 huius·

317 4331 404 4394 modi
425 4345 490 4392 non
512 4325 682 4398 coniectis,
707 4343 741 4388 ac
769 4325 844 4388 alias
865 4341 938 4388 oum
962 4327 1063 4388 omnl-

316 4425 376 4488 bus
391 4430 424 4486 et
441 4421 700 4500 quibuscumque
715 4419 986 4498 exemptionibus,
1002 4420 1063 4498 pri-

315 4518 455 4596 vilegiis,
478 4513 628 4585 decretis,
658 4513 820 4586 clausulis,
852 4513 1061 4586 cautionibus,

315 4607 1063 4687 vinculis,obligationibusetcautelis,acetiam

316 4705 462 4770 censuris
484 4711 516 4768 et
537 4702 649 4782 poenis
671 4702 704 4764 iu
730 4700 891 4780 prioribus
920 4716 1064 4764 reserva-

318 4801 459 4864 tionibus
469 4795 655 4860 huiusmodi
671 4796 829 4860 concessis
845 4801 878 4858 et
891 4795 1062 4865 contentis.

315 4898 446 4973 integre
467 4889 695 4972 persolvendas
727 4905 914 4964 reservare,
949 4891 1065 4953 consti-

317 4997 411 5052 tuere
433 4994 466 5050 et
486 4987 649 5063 assignare
664 4984 801 5058 valeant,
818 4984 940 5048 eisdem
959 4993 1065 5047 aucto·

316 5085 411 5147 ritate
433 5087 465 5146 et
486 5087 601 5144 tenore
622 5080 662 5142 de
683 5079 811 5158 speciali
840 5079 940 5156 gratia
960 5079 1066 5142 indul-

317 5193 444 5257 gemus.

99 5283 218 5328 inultas
241 5278 299 5340 dier
359 5267 446 5348 sto.
469 5267 601 5332 Necnon
629 5267 750 5330 eisdem
780 5266 984 5358 Patriarcbis,
1008 5267 1066 5330 Ar-

87 5335 208 5392 smendin
210 5347 227 5379 e

87 5344 299 5450 usumque‘ffl
317 5363 527 5444 chlepiscopls
555 5368 588 5424 et
608 5361 787 5440 Episcopis,
811 5377 844 5423 ac
867 5377 981 5424 eorum
1003 5361 1067 5423 sin-

88 5455 116 5487 uu
142 5453 230 5500 usque
260 5440 297 5486 ad

88 5507 205 5542 maumam
215 5493 298 5540 mille

88 5551 234 5610 creatorum
247 5558 298 5594 au·

89 5605 153 5648 ried
180 5613 262 5649 came
245 5600 297 5648 era

11 5669 20 5684 ·
90 5657 113 5701 ad
122 5659 236 5702 levorem
249 5656 298 5701 hic

90 5712 273 5768 descriptorum]

318 5457 415 5537 gulis,
431 5463 467 5520 ut
481 5456 521 5520 de
537 5455 686 5520 omnibus
702 5461 735 5518 et
752 5454 888 5531 siugulis
903 5455 1065 5528 dominiis,

317 5551 468 5632 praediis,
485 5549 751 5630 possessionibus,
769 5549 1015 5621 terrisetlocis,
1033 5565 1067 5612 ac

316 5645 602 5718 iurisdictionibus,
626 5645 807 5722 ceterisque
828 5644 920 5708 bonis
942 5643 1067 5706 mobili-

277 5741 379 5805 'bus
401 5747 433 5803 et
450 5737 670 5802 immobilibus
684 5737 780 5819 (quae
802 5746 909 5800 tamen
924 5753 989 5800 non
1004 5738 1068 5799 sint

315 5835 426 5898 altaris
447 5834 501 5898 vel
529 5834 678 5897 altarium
709 5833 918 5896 ecclesiarum
949 5831 1013 5894 illis
1036 5838 1068 5893 ot

357 6049 390 6104 (t)
405 6047 467 6093 ltsic
480 6047 628 6094 addendum
645 6046 750 6092 videtur
764 6049 800 6092 ad
813 6057 863 6091 eos.

1108 771 1221 818 eorum
1234 756 1432 836 cuilibetpro
1443 764 1590 837 tempore
1598 757 1855 828 commissarum,

1108 865 1166 914 seu
1188 851 1282 914 alloni
1302 852 1430 930 speciali
1445 869 1556 916 earum
1570 853 1703 916 servitio
1724 850 1777 913 vel
1799 849 1858 910 rui-

1109 944 1241 1006 nisterio
1263 951 1317 1006 aut
1341 945 1415 1007 alias
1451 946 1559 1009 divino
1580 945 1681 1009 cultui
1704 943 1756 1006 vel
1785 945 1857 1004 usui

1109 1038 1260 1112 dedicata,
1285 1054 1343 1102 seu
1364 1038 1400 1101 ad
1424 1041 1493 1104 eius
1515 1057 1609 1102 usum
1632 1035 1789 1116 coniecta)
1810 1052 1858 1098 se-

1110 1147 1173 1210 que
1196 1133 1412 1206 moventibus,
1436 1134 1668 1211 cuiuscumque
1685 1131 1856 1210 qualitatis,

1111 1227 1306 1304 quantitatis,
1330 1228 1459 1302 valoris,
1476 1229 1605 1307 speciei,
1627 1227 1723 1306 pretii
1739 1233 1771 1288 et
1785 1242 1859 1288 cou-

1111 1319 1240 1382 ditionis
1262 1322 1486 1394 existentibus,
1510 1337 1544 1384 ac
1565 1322 1689 1384 iuribus
1712 1328 1744 1383 et
1764 1320 1859 1383 actio·

1111 1413 1205 1475 nibus
1227 1414 1263 1476 ad
1287 1431 1342 1478 eos
1363 1417 1487 1478 ratione
1512 1430 1790 1494 quarumcumque
1813 1431 1859 1476 ca-

1112 1507 1318 1580 thedralium,
1346 1510 1441 1571 etiam
1469 1509 1803 1588 metropolitanarum,
1828 1514 1861 1569 et

1111 1601 1369 1680 patriarchalium
1399 1604 1620 1675 ecclesiarum,
1652 1601 1768 1680 quibus
1790 1601 1860 1664 hac-

1113 1701 1206 1758 tenus
1233 1696 1459 1774 praetueruut,
1483 1703 1515 1759 et
1537 1697 1574 1760 ad
1597 1712 1749 1776 praesens
1771 1712 1860 1774 prae-

1111 1798 1198 1862 sunt,
1223 1807 1348 1852 necnon
1363 1793 1399 1853 ad
1416 1807 1493 1868 quas
1510 1808 1564 1854 eos
1580 1790 1687 1854 torsan
1709 1791 1860 1868 deinceps

1113 1884 1291 1958 translerri,
1316 1890 1348 1948 et
1369 1885 1485 1962 quibus
1506 1902 1562 1947 eos
1580 1885 1708 1964 praefici
1724 1890 1757 1946 et
1771 1900 1861 1964 prae-

1112 1993 1183 2040 esse
1204 1978 1392 2056 contigerit,
1416 1995 1542 2042 necnon
1572 1977 1858 2049 monasteriorum,

1112 2073 1324 2150 prioratuum,
1338 2073 1644 2150 praepositurarum,
1655 2072 1860 2150 dignitatum,

1113 2185 1146 2230 ae
1165 2167 1303 2230 aliorum
1326 2183 1608 2245 quorumcumque
1629 2167 1861 2229 beneficiorum

1113 2260 1414 2333 ecclesiasticorum,
1438 2277 1511 2324 cum
1534 2262 1608 2324 cura
1631 2267 1664 2323 et
1684 2259 1752 2322 sine
1774 2261 1861 2333 curri,

1113 2354 1308 2416 secularium
1330 2361 1362 2418 et
1384 2354 1576 2432 quorumvis
1588 2353 1744 2417 Ordinum
1768 2369 1864 2431 regu-

1114 2447 1241 2521 larium,
1266 2463 1347 2526 quae
1369 2449 1463 2511 etiam
1487 2465 1527 2512 ex
1549 2449 1716 2526 quibusvis
1737 2465 1864 2511 conces-

1113 2541 1257 2604 sionibus
1280 2549 1312 2604 et
1326 2542 1615 2620 dispensationibus
1636 2543 1816 2621 apostolicis
1830 2543 1863 2604 in

1116 2636 1257 2710 titulum,
1281 2637 1516 2710 commendam,
1540 2637 1862 2709 administrationem,

1114 2745 1148 2792 ac
1169 2729 1245 2792 alias
1267 2730 1511 2807 quomodolibet
1539 2731 1762 2802 obtinuerunt,
1785 2730 1865 2791 obti-

1115 2831 1195 2886 nent
1215 2829 1248 2886 et
1270 2823 1473 2896 obtinebunt,
1497 2841 1531 2886 ao
1552 2823 1729 2896 lructuum,
1760 2824 1865 2886 reddi·

1118 2925 1208 2981 tuum
1239 2925 1271 2980 et
1301 2925 1519 2996 proventuum
1552 2917 1863 2990 ecclesiasticorum,

1115 3027 1242 3074 necnon
1256 3011 1448 3090 pensionum
1464 3027 1656 3083 annuarum,
1670 3027 1768 3090 super
1780 3011 1866 3072 simi-

1116 3105 1199 3169 libus
1222 3104 1389 3176 iructibus,
1407 3105 1585 3167 redditibus
1601 3113 1633 3167 et
1643 3105 1864 3183 proventibus,

1117 3201 1238 3264 eisdem
1261 3199 1459 3272 Patriarcbis,
1477 3199 1733 3278 archiepiscopis
1749 3206 1781 3261 et
1796 3199 1867 3277 Epi·

1116 3296 1220 3374 scopis
1251 3311 1421 3357 aneorum
1456 3294 1592 3372 singulis
1625 3300 1867 3356 reservatorum

1118 3397 1150 3452 et
1170 3389 1419 3467 assignatorum,
1442 3405 1476 3451 ac
1506 3395 1747 3451 reservaturum
1769 3395 1801 3450 et
1822 3404 1868 3450 as·

1116 3483 1327 3561 signatarum,
1358 3483 1630 3544 reservandorum
1653 3488 1686 3544 et
1707 3481 1868 3559 assignan-

1118 3578 1246 3649 dorum,
1270 3578 1606 3654 reservandarumque
1622 3583 1654 3638 et
1667 3575 1868 3654 assignanda-

1118 3688 1203 3744 rum,
1221 3687 1302 3750 qnos
1317 3679 1350 3734 et
1361 3687 1438 3750 quas
1449 3671 1664 3750 perceperint,
1688 3669 1870 3749 percipiunt

1118 3775 1151 3830 et
1172 3767 1351 3846 percipient
1370 3766 1403 3826 in
1421 3764 1580 3836 iuturum,
1604 3781 1731 3828 necnon
1746 3764 1869 3826 emolu-

1119 3867 1305 3924 mentorum
1329 3875 1610 3938 quorumcumque
1635 3859 1795 3922 Romanae
1818 3874 1869 3920 eu·

1119 3955 1184 4018 riae
1200 3955 1390 4027 officiorum,
1414 3971 1448 4016 ac
1469 3953 1544 4016 alias
1566 3952 1811 4030 quomodolibet
1824 3950 1875 4032 (l).

1119 4047 1335 4128 spectantibus
1356 4053 1388 4108 et
1409 4046 1658 4125 pertinentibus,
1675 4061 1802 4108 necnon
1817 4062 1869 4108 eo·

1119 4158 1192 4204 rum
1216 4148 1248 4204 et
1268 4139 1440 4202 cuiuslibet
1462 4154 1575 4202 eorum
1596 4138 1752 4202 industria
1774 4145 1807 4201 et
1827 4138 1870 4200 la-

1119 4235 1198 4298 bore
1220 4233 1463 4312 quomodolibet
1477 4241 1510 4296 et
1523 4234 1764 4310 undecumque,
1783 4233 1869 4296 licite

1119 4335 1238 4398 umen,
1255 4328 1416 4406 acquisitis
1436 4335 1469 4390 et
1489 4327 1703 4406 acquirendis,
1724 4343 1759 4390 ac
1780 4327 1866 4400 alias,

1120 4425 1216 4486 etiarn
1233 4423 1273 4485 de
1289 4421 1478 4485 muneribus
1494 4429 1526 4485 et
1541 4421 1662 4494 officiis,
1680 4437 1762 4499 quae
1778 4437 1869 4484 exer·

1119 4523 1272 4588 cuerunt,
1297 4533 1331 4578 ac
1359 4531 1414 4578 eos
1441 4531 1595 4578 exercere
1624 4515 1813 4594 contigerit,
1838 4522 1870 4578 et

1119 4611 1178 4674 alii
1200 4611 1311 4688 quavis
1333 4609 1496 4672 occasione
1524 4608 1577 4670 vel
1603 4623 1695 4671 causa
1716 4625 1774 4672 seu
1795 4625 1869 4672 con-

1121 4703 1329 4784 templatione
1350 4705 1386 4766 ad
1410 4719 1466 4766 eos
1492 4704 1657 4782 perventis
1679 4711 1711 4766 et
1732 4719 1870 4783 perven-

1121 4799 1214 4872 turis,
1239 4799 1333 4861 etiam
1356 4799 1383 4858 si
1405 4797 1437 4860 iu
1459 4797 1593 4876 pecunia
1619 4798 1813 4871 numeraria,
1836 4815 1871 4862 ac

1120 4893 1285 4962 localibus,
1320 4892 1469 4969 gemmis,
1507 4891 1641 4969 aliisque
1674 4892 1871 4970 pretiosiori-

1121 4985 1181 5048 bus
1203 4985 1299 5048 rebus
1320 4984 1505 5056 consistant,
1530 4991 1593 5046 tam
1622 4984 1655 5046 in
1677 4985 1758 5046 dicta
1783 4983 1871 5046 ouria

1121 5094 1217 5156 quam
1240 5085 1330 5140 extra
1355 5092 1425 5138 eam
1447 5077 1567 5154 ubique
1588 5071 1733 5139 locorum
1762 5084 1794 5141 et
1818 5093 1871 5156 pe-

1122 5189 1179 5236 nes
1194 5172 1348 5236 beneficia
1360 5171 1426 5250 ipsa
1442 5171 1653 5233 existentibus
1668 5171 1822 5251 (quorum
1838 5188 1871 5232 o·

1123 5267 1247 5328 mnium
1270 5265 1449 5344 qualitates,
1466 5271 1499 5327 et
1518 5279 1614 5326 veros
1636 5265 1731 5328 etiam
1748 5281 1871 5327 annuos

1122 5360 1260 5432 ratores,
1278 5360 1401 5422 etiamsi
1423 5357 1496 5421 talia
1517 5357 1635 5430 lorent,
1659 5375 1741 5437 quae
1762 5359 1795 5421 ln
1818 5375 1871 5436 ge-

1123 5454 1225 5518 nerali
1246 5454 1458 5532 appellatione
1479 5453 1638 5516 bonorum
1661 5459 1694 5516 et
1712 5451 1872 5532 suppelle-

1123 5547 1247 5610 ctilium
1270 5563 1334 5610 non
1356 5547 1518 5619 venirent,
1542 5546 1596 5608 sed
1613 5545 1803 5625 specialibus
1825 5547 1872 5608 in·

1123 5643 1274 5720 digerent
1300 5640 1478 5713 vocabulis,
1513 5639 1752 5718 praesentibus,
1781 5657 1815 5702 ac
1846 5641 1871 5701 si

1124 5737 1271 5815 specilloe
1300 5742 1332 5798 et
1356 5735 1520 5812 sigillatim
1549 5734 1811 5812 exprimerentur
1842 5743 1874 5796 et

1125 5831 1424 5902 denominarentur,
1434 5844 1493 5908 pro
1503 5828 1700 5892 sufficienter
1712 5827 1873 5908 expressis

1818 612 1836 678 7
1894 619 1945 678 ln.
1959 617 1987 676 C.
2003 611 2070 674 {622
