4756 6994
336 1216 388 1272 An.
402 1216 430 1272 C.
444 1216 510 1272 lttt

1071 521 1137 568 tub.
1161 520 1253 570 PONT.
1277 523 1318 569 bb
1340 521 1370 571 P.
1394 521 1424 572 F.
1448 523 1532 572 PARS
1553 525 1575 572 1.

1026 857 1345 938 ΒΕΝΕΟΙΟΤυὸ
1376 858 1504 938 ΡΑΡΑ
1533 860 1634 940 xit.

913 1207 936 1270 l.

1355 1210 1570 1286 prudentiam,
1589 1225 1717 1274 morum
1740 1212 1930 1288 gravitatem
1943 1214 2034 1276 nobis
2050 1231 2101 1293 ap·
2139 1223 2191 1278 An.
2205 1225 2233 1279 C.
2249 1225 2312 1280 titt

1241 1300 1245 1308 “
1355 1301 1459 1380 prime
1480 1319 1602 1366 carum.
1629 1305 1657 1366 ls
1678 1321 1751 1367 cum
1773 1305 1875 1369 altero
1897 1306 2013 1370 dilecto
2034 1307 2101 1370 illio

548 1395 596 1458 Ad
609 1395 730 1478 ¹liepom
753 1396 949 1477 Aethiopiae,
966 1403 1168 1479 eeoptoatcm
1189 1403 1227 1460 ιιι
1247 1415 1298 1461 ce-

588 1489 707 1552 tholioo
732 1489 808 1571 fidos
839 1490 875 1551 in
896 1507 929 1552 oo
957 1506 1054 1570 repeto
1086 1496 1295 1570 propagator,

587 1584 689 1645 mittit
709 1584 881 1647 nonnullos
902 1583 1023 1664 fratros
1045 1601 1084 1648 occ
1106 1583 1224 1647 Ordine
1239 1583 1297 1646 dii-

586 1693 704 1740 rtortom
726 1677 757 1740 S.
782 1677 953 1741 Francisoi
981 1678 1161 1741 strictioris
1190 1676 1297 1742 Obser-

587 1773 729 1843 oootioc,
746 1789 822 1852 quos
833 1772 882 1835 illi
897 1773 1106 1842 commendet,
1121 1773 1295 1843 elioschora

586 1884 664 1946 opaca
688 1865 802 1946 feerit,
831 1865 1001 1934 missores,
1025 1881 1155 1943 comque
1176 1865 1297 1928 cccitot

587 1960 628 2023 ad
658 1959 829 2040 ponendam
857 1959 1040 2040 patrocinio
1069 1975 1126 2020 atto
1155 1958 1294 2022 eamdem

584 2054 848 2135 propagationem
868 2053 925 2134 (l).

570 2240 677 2308 illustri
700 2257 738 2306 ac
761 2239 971 2323 potentissimo
994 2239 1172 2323 Aethiopiae
1196 2241 1269 2323 regi,

705 2424 948 2494 senioretus
973 2425 1034 2492 PP.
1059 2423 1131 2492 xlv.

664 2615 790 2682 illustris
814 2631 851 2680 ao
875 2615 1085 2698 potentissime
1108 2631 1172 2694 rex,

623 2712 751 2780 salutaro
774 2710 925 2776 etlumen
948 2710 1061 2776 diuinae
1083 2711 1211 2794 gratiae.

582 2901 663 2964 Cum
686 2903 721 2963 ad
745 2917 803 2962 nos
833 2899 970 2962 relatum
998 2898 1106 2972 luerit,
1130 2899 1291 2963 celsitudi-

542 3012 617 3059 nem
651 3002 737 3058 tuam
767 2993 939 3058 catholicae
971 2993 1120 3070 religioni
1151 2994 1288 3056 amicum

541 3090 685 3152 animum
715 3103 843 3166 gerere,
867 3093 962 3164 atque
984 3093 1150 3164 exoptare,
1177 3095 1212 3148 ut
1235 3093 1289 3150 tuo

541 3183 717 3263 patrocinio
739 3199 797 3262 per
818 3181 986 3244 latissimas
1008 3181 1102 3258 regni
1118 3183 1163 3243 tui
1185 3183 1289 3260 regio-

540 3294 598 3340 nes
619 3277 723 3339 libere
751 3280 965 3354 propagetur,
999 3273 1135 3336 mirifice
1159 3274 1215 3336 bac
1237 3281 1288 3337 tua

540 3370 738 3449 benignitate
760 3367 908 3431 delectati
923 3382 1035 3429 sumus
1052 3368 1288 3446 maximamque

540 3464 695 3527 habemus
717 3463 773 3526 tihi
796 3463 947 3540 gratiam,
970 3475 1067 3538 quae,
1090 3471 1206 3538 quanta
1227 3463 1285 3536 sit,

539 3558 699 3637 explicare
725 3557 970 3633 haudquaquam
993 3570 1174 3632 possumus.
1198 3556 1229 3618 ld
1253 3574 1287 3619 u·

539 3668 618 3714 num
647 3659 816 3730 procerte
840 3649 973 3723 habeas,
1006 3665 1115 3728 parem
1145 3665 1215 3712 esse
1236 3666 1285 3712 ae-

539 3745 695 3823 gritudini
716 3760 778 3822 qua
802 3744 991 3822 iampridem
1012 3743 1283 3816 conflictabamur,

537 3839 726 3917 cogitantes,
743 3837 1039 3916 frequentissimam
1056 3844 1101 3898 tot
1114 3837 1283 3899 bominum

537 3931 779 3994 multitudinem
800 3929 969 3993 latissimas
983 3931 1133 4008 regiones
1150 3939 1218 3994 tuas
1239 3932 1286 3994 in-

537 4026 726 4099 colentium,
750 4024 804 4103 qui
825 4025 885 4087 soli
908 4031 956 4088 tot
976 4025 1061 4086 inter
1087 4024 1211 4088 Africae
1233 4043 1285 4088 na-

538 4121 641 4185 tiones
664 4120 783 4182 Christi
813 4135 933 4182 nomen
960 4125 1118 4197 perpetuo
1139 4121 1283 4183 venerati

537 4223 623 4288 sunt,
647 4214 683 4276 ad
703 4213 802 4292 ipsius
825 4211 1009 4288 immortale
1037 4227 1174 4288 regnum
1197 4213 1283 4276 aditu

537 4309 713 4390 prohiberi,
737 4324 801 4386 quo
824 4306 878 4370 SS.
902 4308 1032 4369 Petrum
1060 4307 1284 4370 conciliorum-

537 4419 600 4482 que
631 4403 815 4466 testimonio
836 4401 858 4464 ii
881 4407 1003 4464 tantum
1036 4401 1205 4475 accedunt,
1229 4403 1283 4481 qui

535 4498 695 4561 Romanae
707 4495 867 4560 Ecclesiae
882 4495 1059 4559 doctrinam
1074 4496 1215 4573 sequuti,
1229 4495 1284 4559 Pe-

535 4591 578 4654 tri
597 4591 742 4654 uaricula
764 4589 999 4668 pervehuntur.
1024 4587 1124 4666 lgitur
1145 4589 1201 4651 ubi
1223 4591 1284 4653 cel-

536 4685 710 4749 situdinem
734 4691 819 4746 tuam
842 4685 875 4746 in
897 4699 966 4746 eam
997 4699 1156 4762 propenso
1176 4685 1283 4748 animo

537 4797 607 4843 esse
628 4779 821 4850 audivimus,
838 4777 1028 4840 sustulimus
1049 4776 1136 4840 illico
1157 4778 1195 4839 ad
1216 4795 1283 4842 cae·

534 4874 602 4936 lum
618 4889 742 4945 manus,
759 4871 861 4934 Deum
876 4869 947 4950 Opt.
965 4871 1045 4933 blan.
1061 4871 1197 4933 summis
1212 4887 1283 4949 pre-

534 4967 623 5028 cibus
645 4965 806 5037 obtestati,
826 4971 863 5027 ιιι
884 4965 958 5028 huic
979 4965 1193 5028 saluberrimo
1210 4981 1281 5028 cou-

533 5060 605 5122 silio
636 5067 692 5122 tuo
726 5059 885 5140 propitius
920 5059 1031 5121 adesse
1066 5059 1156 5122 velit.
1192 5058 1280 5134 Quod

533 5154 665 5233 quidem
693 5154 863 5216 consilium
888 5159 924 5216 ut
945 5152 1068 5216 lacilius
1090 5169 1124 5215 ao
1145 5153 1281 5216 celerius

534 5247 685 5326 explicari
707 5248 816 5326 possit,
834 5247 870 5308 ad
887 5255 918 5310 te
934 5247 1021 5310 nulla
1043 5263 1133 5308 mora
1148 5246 1196 5309 ire
1217 5247 1281 5309 ius·

532 5342 643 5416 simus,
661 5358 734 5404 curn
749 5342 872 5418 aliquot
885 5341 989 5412 sociis,
1003 5341 1120 5418 quibus
1133 5356 1281 5420 praeesse

532 5434 645 5507 debet,
669 5435 822 5498 dilectum
845 5435 947 5498 filium
971 5434 1157 5498 blichaelem
1184 5453 1200 5496 a
1222 5433 1281 5497 Va·

531 5528 637 5606 stigne
664 5527 854 5605 ereligiosa
885 5529 950 5590 divi
975 5527 1133 5590 Francisci
1161 5527 1280 5590 lamilia

532 5621 708 5686 severioris
730 5621 968 5695 Observantiae,
986 5621 1152 5684 bominem
1169 5622 1209 5684 ob
1224 5622 1279 5683 do-

530 5715 651 5780 ctrinae
681 5715 922 5794 praestantiam,
945 5730 1057 5778 rerum
1081 5715 1279 5793 agendarum

571 5931 600 5988 (lt
616 5932 653 5975 ιιι
667 5928 754 5975 literis
768 5929 801 5974 ad
815 5927 945 5986 principos
959 5931 987 5974 et
1000 5928 1067 5974 alios
1081 5929 1161 5974 buius
1175 5928 1247 5975 anui.

1355 1397 1471 1458 comite
1506 1395 1643 1460 Esneral
1675 1415 1693 1460 e
1725 1400 1900 1462 maioribus
1935 1418 2099 1464 armorum

1355 1490 1521 1567 praelectis
1537 1490 1591 1553 has
1608 1498 1732 1554 nostras
1747 1492 1928 1557 celsitudini
1945 1501 2018 1558 tuae
2030 1497 2100 1559 red-

1354 1583 1408 1644 det
1429 1583 1556 1656 literas,
1580 1585 1737 1663 pluraque
1759 1591 1870 1648 nostro
1897 1589 2028 1651 nomine
2050 1591 2100 1652 ad-

1353 1676 1450 1749 iiciet,
1467 1678 1596 1755 quibus,
1613 1679 1638 1740 si
1655 1679 1729 1756 quid
1753 1680 1800 1742 rei
1823 1681 1984 1758 gerendae
2006 1698 2100 1761 expe-

1353 1772 1507 1834 diendum
1522 1772 1649 1846 accidat,
1667 1773 1758 1836 lacile
1773 1774 1957 1852 expeditum
1974 1775 2013 1836 iri
2034 1793 2099 1839 non

1353 1865 1546 1929 dubitamus.
1571 1865 1618 1928 hb
1640 1867 1677 1928 iis
1700 1867 1861 1945 intelliges
1883 1883 1978 1946 quam
1998 1869 2099 1932 inore-

1352 1961 1442 2024 dibili
1474 1960 1616 2022 leramur
1650 1967 1799 2024 aeternae
1831 1968 1958 2025 restrae
1988 1963 2098 2026 salutis

1352 2054 1522 2127 desiderio,
1540 2061 1572 2116 et
1586 2053 1665 2116 nihil
1688 2071 1758 2116 esse
1779 2053 1813 2117 iu
1828 2054 2028 2134 Apostolioae
2045 2055 2098 2120 Se-

1351 2150 1410 2221 dis,
1434 2149 1484 2211 cui
1507 2165 1575 2220 uos,
1597 2148 1672 2212 licet
1692 2149 1915 2223 immerentes,
1940 2151 2097 2229 praeside-

1350 2259 1433 2316 mus,
1448 2243 1646 2315 auctoritate,
1659 2244 1744 2320 quod
1759 2245 1792 2305 in
1804 2244 1990 2308 huiusmodi
2001 2261 2097 2308 ereu-

1350 2343 1417 2398 tum
1440 2337 1518 2400 adeo
1541 2337 1759 2400 necessarium
1780 2337 1938 2416 nobisque
1971 2341 2097 2418 optatis-

1349 2431 1468 2492 simum
1482 2446 1547 2492 non
1561 2431 1661 2493 simus
1676 2431 1816 2494 libenter
1836 2432 1993 2495 collaturi.
2017 2433 2095 2496 Nam

1349 2525 1460 2586 caritas
1489 2523 1607 2588 Christi
1634 2541 1691 2587 uos
1723 2535 1837 2602 urget,
1860 2544 1895 2590 ao
1926 2534 2096 2612 propterea

1348 2619 1428 2680 adeo
1450 2626 1481 2682 te
1497 2619 1807 2697 praestantissimum
1825 2620 2094 2684 excultissimum-

1348 2727 1411 2788 que
1446 2711 1621 2775 virtutibus
1657 2728 1770 2790 regem
1802 2713 1920 2790 insigni
1955 2713 2095 2777 benero-

1348 2804 1445 2868 lentia
1467 2805 1713 2884 prosequimur,
1736 2813 1788 2878 ut,
1816 2805 1844 2866 si
1869 2805 1926 2868 tibi
1947 2807 2094 2885 impenso

1348 2900 1436 2962 omni
1458 2900 1564 2962 studio
1579 2899 1761 2962 satisfacere
1776 2916 1869 2978 posse
1885 2901 2092 2976 arbitremur,

1347 3001 1494 3057 nostrum
1515 2995 1629 3072 utique
1651 2995 1846 3057 desiderium
1879 2996 1953 3058 satis
1981 3013 2094 3074 aequa-

1346 3089 1412 3150 turi
1434 3105 1505 3151 esse
1528 3088 1706 3151 videamur.
1742 3087 1872 3150 Sodales
1900 3088 1989 3162 illos,
2013 3105 2093 3167 quos

1346 3181 1403 3243 tibi
1425 3181 1619 3259 allegamus,
1642 3189 1678 3243 ut
1699 3180 1787 3258 regia
1814 3180 2012 3259 benignitate
2037 3199 2090 3245 ox-

1345 3277 1441 3355 cipias
1462 3293 1496 3339 ac
1518 3283 1573 3338 tuo
1603 3276 1778 3354 patrocinio
1808 3276 1918 3349 iures,
1942 3284 1974 3339 te
1996 3279 2091 3340 etiam

1344 3378 1440 3448 atque
1461 3370 1555 3432 etiam
1579 3385 1718 3440 oramus,
1742 3369 1922 3448 iisdemque
1940 3371 2091 3434 volumus

1344 3481 1453 3544 parem
1479 3464 1628 3528 adbibeas
1650 3464 1747 3527 iidem
1778 3479 1872 3541 quam
1896 3465 1988 3528 nobis
2015 3466 2092 3528 allo-

1343 3559 1517 3636 quentibus
1538 3557 1719 3631 adhiberes,
1743 3559 1877 3635 dataque
1903 3558 1960 3620 tibi
1982 3566 2090 3622 nostra

1343 3653 1464 3715 monita
1486 3653 1625 3715 libenter
1648 3653 1879 3731 complectaris,
1903 3660 2010 3716 certus
2025 3670 2089 3716 nou

1342 3747 1403 3808 alio
1416 3747 1561 3818 tendere,
1579 3761 1674 3824 quam
1690 3746 1726 3808 ad
1743 3749 1964 3825 praestandam
1977 3763 2090 3811 curan·

1341 3841 1479 3918 damque
1500 3840 1557 3902 tibi
1579 3839 1796 3904 immortalem
1824 3840 2028 3918 felicitatem
2051 3844 2088 3906 ab

1340 3934 1378 3996 iis
1400 3933 1557 4012 percipies
1579 3934 1655 4010 quid
1677 3934 1817 3996 maxime
1838 3935 1874 3997 ad
1897 3951 2088 4014 prosporum

1341 4027 1475 4090 huiusce
1506 4027 1554 4089 rei
1576 4027 1700 4089 exitum
1732 4029 1931 4102 conducere,
1966 4035 1998 4091 et
2027 4045 2088 4107 qua

1340 4120 1474 4182 iaciliori
1495 4120 1557 4192 via,
1582 4120 1710 4185 latente
1735 4121 1841 4183 divina
1874 4122 1983 4199 gratia,
2009 4123 2088 4185 obti-

1340 4215 1411 4276 neri
1433 4213 1486 4276 illa
1507 4214 1616 4291 possit.
1639 4213 1836 4278 Obtinendae
1851 4231 1929 4278 tero
1944 4217 1971 4278 si
1993 4233 2086 4295 opem

1339 4307 1488 4371 conterre
1510 4316 1596 4370 tuam
1618 4308 1731 4370 sedulo
1761 4311 1949 4384 constitues,
1971 4310 2084 4388 iisque,

1339 4409 1392 4464 tua
1413 4408 1570 4480 potestate
1592 4400 1692 4474 iuliis,
1720 4401 1859 4464 liberum
1882 4403 1980 4468 luerit
1999 4404 2033 4466 iu
2054 4405 2086 4466 id

1338 4496 1471 4569 conniti,
1495 4513 1554 4558 uos
1574 4495 1688 4573 utique
1709 4495 1827 4558 allicias
1848 4497 1886 4558 ad
1904 4497 1982 4559 alios
2004 4498 2086 4560 eius-

1339 4591 1412 4652 dem
1435 4589 1661 4652 l'rancisoanae
1692 4589 1830 4652 lamiliac
1860 4591 1962 4653 socios
1985 4597 2085 4653 trans·

1339 4684 1524 4756 mittendos
1555 4683 1610 4762 qui
1642 4684 1845 4762 depravatam
1867 4683 1938 4745 istic
1959 4685 2084 4748 bomini

1338 4778 1465 4840 vineam
1482 4777 1591 4840 labore
1605 4792 1665 4838 suo
1686 4776 1805 4839 iterum
1821 4776 1910 4840 cultu
1926 4778 2084 4841 nitescere

1338 4872 1498 4934 studeant.
1522 4870 1590 4932 lluc
1604 4870 1704 4947 igitur
1720 4868 1818 4933 adiice
1832 4870 1975 4934 animum
1992 4877 2083 4934 tuum

1338 4964 1523 5042 docilesque
1535 4963 1678 5025 Pontiiioi
1694 4963 1830 5024 Maximo
1845 4963 1962 5042 praebe
1977 4979 2082 5038 aures,

1338 5059 1410 5135 qui,
1433 5064 1470 5120 ut
1491 5056 1627 5118 Pastoris
1655 5057 1778 5118 aeterni
1805 5057 1891 5120 vices
1923 5057 1956 5118 in
1989 5056 2083 5120 terris

1338 5151 1432 5228 gerit,
1456 5151 1497 5212 ita
1519 5150 1706 5228 exemplum
1728 5149 1922 5223 imitaturus,
1940 5159 2082 5214 errantes

1337 5260 1414 5307 oves
1445 5243 1482 5306 ad
1509 5259 1544 5305 se
1565 5243 1722 5306 reducere
1748 5243 1961 5307 vehementer
1983 5247 2079 5324 cupit.

1336 5338 1469 5402 Nullum
1491 5337 1635 5416 prolecto
1657 5337 1882 5400 iucundiorem
1898 5338 1989 5401 nobis
2010 5339 2082 5402 illu-

1335 5434 1420 5494 xisse
1442 5431 1527 5495 diem
1550 5431 1731 5510 reputaturi
1752 5447 1885 5505 sumus,
1909 5449 2004 5510 quam
2027 5433 2081 5510 qui

1334 5532 1422 5588 tuam
1444 5533 1575 5604 gentem
1598 5526 1636 5587 ad
1655 5541 1771 5588 terum
1786 5525 1904 5590 Christi
1926 5527 2011 5590 ovile
2032 5543 2082 5588 re·

1334 5620 1449 5682 ducem
1464 5619 1564 5682 luisse
1578 5618 1788 5683 renuntiabit.
1812 5619 1910 5697 ldque
1924 5628 1961 5682 ut
1975 5636 2081 5699 prom·
2152 5635 2154 5640 ⁴

1334 5721 1386 5793 pte
1414 5714 1736 5792 constantissimeque
1765 5714 1924 5792 perficias,
1954 5715 2082 5778 celsitu·
