4756 6994
843 603 1040 650 ssdubtcrtttt
1061 606 1112 651 PP.
1137 607 1201 651 xlv.

245 718 367 782 dinario
395 721 447 784 vel
475 722 749 785 reverendissimo
776 722 906 785 domino
936 723 990 783 Pa-

246 813 381 876 triarcha
394 821 509 893 sponte
532 815 680 888 oblatam,
704 816 844 878 manime
859 817 885 877 si
901 821 989 878 extra

245 909 476 970 monasterium
508 909 543 970 ad
567 925 636 971 eam
659 910 871 972 exercendam
904 909 990 971 babi-

246 1001 375 1062 tandum
398 1001 450 1074 sit,
473 1003 533 1064 nisi
554 1003 681 1080 quando
696 1003 868 1081 spiritualis
891 1019 988 1082 popu-

246 1093 350 1155 lorum
373 1095 545 1158 necessitas
568 1103 691 1173 urgeat,
715 1102 769 1158 aut
796 1095 885 1158 Sedis
908 1095 990 1174 hpo·

244 1187 373 1250 stolioae
389 1204 539 1267 expressa
554 1196 586 1252 et
600 1189 744 1268 specialis
760 1189 923 1268 dispositio
939 1190 990 1252 ad-

245 1282 295 1350 sit.
313 1281 353 1343 ob
372 1281 533 1344 deiectum
555 1283 676 1346 scilicet
691 1283 904 1361 parochorum
925 1299 990 1345 sae·

244 1375 411 1447 cularium,
436 1375 489 1438 vel
511 1377 638 1453 quando
659 1377 765 1438 visum
789 1377 887 1438 luerit
915 1375 990 1438 San·

245 1473 311 1530 ctae
343 1467 417 1530 Sedi
449 1467 572 1546 aliquos
604 1485 643 1531 en
675 1469 794 1532 nostris
826 1470 990 1532 monachis

244 1561 281 1624 ad
304 1561 494 1624 missionum
524 1562 675 1624 exercitia
697 1563 875 1638 destinare;
909 1579 990 1642 quae

245 1653 350 1716 omnia
372 1655 504 1716 arbitrio
527 1654 658 1718 Sanctae
680 1655 770 1718 Sedis
791 1662 823 1718 et
838 1671 990 1719 reveren·

245 1747 364 1810 dissimi
386 1748 508 1810 domini
530 1748 739 1823 Patriarchae‚
761 1766 907 1840 necnon
929 1751 990 1812 Ab·

245 1843 323 1905 batis
345 1842 515 1920 generalis,
539 1851 615 1905 sunt
638 1844 860 1922 relinquenda.

284 1935 441 2011 «Quarto,
458 1943 538 2014 part.
552 1953 601 2010 ιι,
615 1953 681 2016 cap.
696 1955 777 2012 ιιιι,
791 1955 881 2000 num.
896 1956 931 2010 r.‚
946 1940 989 2001 di·

243 2031 335 2112 citur:
347 2029 480 2094 Nullum
495 2031 738 2104 monasterium,
749 2033 808 2094 nisi
820 2033 990 2096 accedente

243 2141 402 2188 consensu
425 2135 457 2189 et
479 2125 702 2188 benedictione
721 2125 866 2204 Episcopi
889 2135 921 2189 et
942 2143 989 2190 re·

243 2220 468 2282 verendissimi
489 2219 611 2282 domini
633 2219 841 2292 Patriarchae,
862 2221 953 2282 nobis
974 2238 990 2282 a

243 2311 465 2376 fundatoribus
487 2319 541 2376 aut
562 2313 703 2391 patronis
733 2313 887 2386 oblatum,
914 2315 990 2376 acci-

244 2423 321 2486 pere
343 2406 498 2469 debemus
520 2407 573 2468 vel
595 2407 633 2468 tle
656 2421 741 2468 novo
764 2406 898 2469 tundere
921 2423 990 2485 pos-

242 2517 366 2562 sumus.
381 2499 517 2574 -Quod
541 2501 660 2578 pariter
682 2501 808 2572 dicitur,
829 2506 909 2579 part.
926 2517 987 2573 ιιι,

242 2611 309 2674 cap.
333 2611 395 2666 ιιι,
419 2611 509 2657 num.
534 2613 582 2676 ιι,
613 2597 729 2670 ξιιμ
758 2594 838 2659 ltem
861 2609 942 2657 nova
964 2595 989 2656 si

242 2691 419 2752 oderantur
441 2689 644 2760 monasteria,
668 2695 832 2767 acceptare
854 2705 894 2751 ex
915 2706 988 2751 con-

241 2784 314 2846 silio
336 2784 598 2860 hegumenorum
619 2789 651 2844 et
665 2797 823 2844 consensu
844 2782 989 2861 Episcopi

241 2895 278 2940 ac
298 2877 561 2940 reverendissimi
584 2875 706 2938 domini
727 2876 937 2938 Patriarchao.

283 2967 433 3032 «Sensus
445 2969 559 3031 harum
573 2975 606 3031 et
616 2969 771 3030 similium
790 2970 990 3032 constitutio·

242 3079 321 3126 num
350 3071 413 3134 est,
436 3064 560 3140 requiri
582 3070 614 3125 et
634 3063 781 3126 sullicere
802 3063 989 3126 alterutrius

240 3173 436 3220 consensum
452 3163 484 3220 et
503 3157 773 3230 benedictionem,
788 3159 848 3220 hoc
863 3167 922 3230 est,
936 3163 990 3220 aut

240 3251 505 3314 reverendissimi
542 3252 664 3315 domini
703 3251 901 3314 Patriarchae
936 3258 990 3312 aut

239 3345 388 3424 Episcopi
411 3345 601 3407 dioecesani.
628 3345 669 3406 Et
689 3345 730 3408 ita
752 3351 988 3422 consequenter

239 3438 451 3516 intelligenda
479 3445 572 3512 sunt,
602 3453 683 3517 quae
713 3439 828 3502 deinde
857 3439 988 3501 subiun-

239 3539 364 3610 guntur
375 3533 407 3594 in
419 3533 579 3611 praedicta
590 3534 830 3606 constitutione,
844 3539 923 3611 part.
937 3550 985 3606 ιι,

238 3643 308 3704 cap.
331 3643 413 3699 ιιιι,
438 3642 527 3688 num.
552 3643 587 3698 1.,
615 3626 653 3688 de
676 3626 808 3698 abbate,
831 3627 886 3703 qui
918 3626 987 3689 siue

239 3720 388 3799 Episcopi
401 3727 432 3784 et
444 3721 642 3783 Patriarchae
657 3736 814 3782 consensu
830 3727 987 3782 monaste-

238 3817 326 3876 rinm
349 3816 387 3877 de
416 3830 501 3877 novo
523 3815 707 3877 fundaverit
732 3821 785 3876 aut
806 3832 822 3875 a
843 3815 988 3877 lundato-

239 3911 330 3972 ribus
353 3909 493 3972 oblatum
516 3911 744 3988 acceptaverit,
778 3911 805 3972 si
832 3912 986 3974 nimirum

238 4003 273 4065 id
294 4003 411 4065 lactum
434 4003 532 4066 luerit
562 4004 631 4065 sine
660 4021 818 4066 consensu
841 4005 987 4084 Episcopi

238 4103 294 4158 ιιι
315 4097 579 4160 reverendissimi
595 4097 717 4160 domini
731 4098 941 4161 Patriarchae.

281 4191 472 4253 «Eumdem
501 4207 633 4252 sensum
663 4193 759 4256 habet
784 4195 984 4268 constitutio,

240 4291 320 4363 part.
334 4303 382 4357 ιι,
396 4301 462 4363 cap.
476 4301 559 4354 νιιι,
574 4302 662 4347 num.
678 4303 760 4348 narn:
777 4285 808 4349 Si
822 4304 877 4366 per
890 4305 987 4368 pagos

240 4379 292 4440 vel
320 4378 465 4440 civitates
488 4385 618 4457 propter
648 4395 779 4457 gravem
803 4384 987 4450 monasterii

240 4471 462 4534 necessitatem
486 4473 732 4536 mendicandum
747 4474 856 4548 luerit,
873 4477 903 4538 id
922 4493 987 4541 non

240 4567 304 4640 liat,
328 4566 389 4628 nisi
411 4566 538 4628 licentia
552 4567 589 4628 ab
605 4567 762 4646 Episcopo
784 4575 816 4631 et
834 4585 987 4634 reveren-

240 4660 370 4721 dissimo
393 4660 524 4722 domino
546 4660 724 4722 Patriarcha
739 4661 771 4723 in
786 4663 913 4741 scriptis
935 4665 986 4726 ha·

240 4753 360 4830 benda;
374 4770 497 4816 -nam
513 4753 701 4816 alterutrius
717 4755 843 4818 licentia
858 4759 984 4832 sufficit,

239 4857 293 4911 aut
314 4848 462 4927 Episcopi
488 4848 668 4910 dioecesani
697 4849 729 4909 in
751 4866 807 4912 sua
829 4851 983 4926 dioecesi,

239 4955 294 5008 aut
315 4943 579 5006 reverendissimi
595 4943 717 5004 domini
739 4945 938 5009 Patriarchae
954 4949 986 5009 in

239 5046 307 5101 toto
328 5038 552 5117 patriarchatu.

279 5133 402 5196 ‹Etsic
414 5133 594 5212 respective
606 5139 682 5194 sunt
700 5132 909 5210 intelligenda
926 5135 986 5196 dis·

238 5227 392 5298 iunctive,
412 5243 493 5303 quae
515 5225 588 5288 alibi
604 5226 703 5304 posita
718 5237 792 5288 sunt
807 5227 986 5306 copulative

237 5322 320 5384 circa
342 5320 650 5383 reverendissimum
670 5321 838 5383 dominum
853 5322 986 5386 Patriar-

238 5415 328 5477 cham
359 5421 391 5476 et
418 5415 610 5493 Episcopum
637 5414 881 5490 dioecesanum3
912 5433 985 5478 nam

238 5509 413 5588 Episcopus
429 5509 637 5570 dioecesanus
649 5508 682 5569 in
697 5525 753 5569 sua
768 5508 906 5571 dioecesi
919 5518 985 5572 tan-

240 5609 308 5664 tum
330 5609 435 5680 potest
456 5601 557 5674 nobis,
582 5617 662 5678 quae
684 5602 721 5663 ad
746 5617 836 5663 suam
860 5603 985 5664 iurisdi-

238 5693 378 5756 ctionem
389 5700 542 5771 spectant,
556 5693 741 5770 prohibere,
756 5693 808 5754 vel
821 5693 984 5757 lacultates

238 5788 426 5858 concedere,
450 5795 481 5848 at
502 5786 766 5848 reverendissimi
788 5788 909 5849 domini
931 5789 984 5850 Pa-

238 5881 394 5944 triarchae
409 5888 548 5959 potestas
568 5881 605 5944 ad
621 5887 724 5942 totum
743 5897 838 5943 suum
854 5882 984 5960 patriar-

237 5974 365 6038 chatum
388 5975 583 6038 extenditur.
795 5975 807 5990 ⁰

1086 723 1243 796 ‹Quinto
1261 731 1340 804 part.
1355 741 1403 798 ιι,
1420 741 1486 804 cap.
1500 741 1558 798 ιιι,
1576 738 1666 786 uum.
1680 737 1730 794 ιι,
1751 718 1796 780 di·

1046 816 1144 878 citur:
1180 817 1361 896 Antequam
1396 817 1603 896 congregatio
1636 811 1795 893 generalis

1046 910 1115 984 liat,
1150 911 1218 974 eius
1249 910 1345 990 (idest
1371 910 1582 991 Patriarchae)
1615 907 1796 972 benedictio

1046 1005 1083 1067 ab
1112 1004 1233 1068 hbbate
1266 1005 1408 1083 generali
1444 1012 1592 1084 petatnr;
1626 1009 1794 1082 postquam

1046 1099 1124 1162 iacta
1154 1104 1219 1172 est,
1250 1099 1344 1163 electi
1366 1099 1469 1162 hbbas
1501 1097 1661 1177 generalis
1686 1103 1719 1158 et
1739 1095 1794 1156 he-

1046 1193 1179 1270 gumeni
1201 1193 1306 1270 ipsum
1326 1193 1449 1266 adeant,
1473 1191 1732 1256 benedictionem
1748 1203 1794 1250 ac-

1046 1287 1181 1364 cepturi.

1086 1379 1183 1442 c-Hoc
1208 1379 1249 1442 ita
1271 1379 1480 1452 declaramus,
1495 1385 1543 1451 ut,
1560 1377 1687 1456 quando
1702 1390 1795 1438 reve·

1046 1473 1257 1536 rendissimus
1286 1473 1435 1536 dominus
1461 1472 1640 1535 Patriarcha
1668 1469 1795 1532 abesta

1045 1566 1126 1638 loco,
1143 1566 1198 1628 ubi
1221 1565 1323 1628 abhas
1346 1565 1505 1642 generalis
1529 1564 1648 1628 habitat
1668 1570 1722 1626 aut
1739 1561 1794 1624 ubi

1046 1660 1253 1736 congregatio
1285 1658 1445 1736 generalis
1478 1657 1677 1730 celebratur,
1707 1656 1791 1720 idern

1045 1752 1149 1816 hbbas
1182 1751 1342 1830 generalis
1372 1761 1404 1816 et
1432 1751 1610 1829 hegumeni
1641 1765 1794 1812 reveren-

1046 1848 1214 1910 dissimum
1237 1848 1404 1910 dominum
1427 1845 1638 1908 Patriarcham
1656 1859 1714 1922 per
1729 1841 1793 1920 epi-

1046 1942 1151 2013 stolas,
1175 1940 1263 2002 filiali
1285 1940 1457 2012 devotione
1478 1955 1513 2002 ac
1531 1937 1714 2000 reverentia
1729 1935 1794 2014 ple-

1046 2051 1112 2107 nas,
1131 2036 1181 2098 de
1209 2034 1397 2113 supradictis
1427 2033 1523 2095 rebus
1550 2031 1723 2094 certiorem
1752 2028 1794 2090 ia·

1046 2129 1145 2203 ciant3
1169 2129 1237 2208 ipse
1258 2135 1365 2190 autem
1387 2125 1677 2189 reverendissimus
1693 2122 1793 2186 domi-

1046 2238 1104 2285 nus
1127 2221 1305 2284 Patriarcha
1326 2239 1342 2282 a
1365 2221 1455 2283 nobis
1486 2217 1668 2282 humillime
1700 2231 1794 2294 roge·

1047 2323 1110 2389 tur,
1141 2323 1187 2388 ut,
1217 2331 1298 2392 quae
1320 2315 1357 2376 ad
1382 2313 1516 2376 liberam
1544 2309 1704 2374 vocalium
1729 2309 1793 2372 ele-

1045 2411 1184 2473 ctionem
1206 2409 1260 2471 vel
1281 2409 1319 2472 ιιι
1345 2406 1603 2486 congregationis
1633 2403 1792 2482 generalis

1046 2491 1326 2583 prorogationem,
1358 2501 1616 2579 anticipationem
1644 2507 1699 2560 aut
1720 2512 1793 2559 con-

1045 2599 1246 2660 vocationem
1276 2596 1364 2658 iurta
1395 2599 1518 2658 nostras
1547 2591 1793 2655 constitutiones

1046 2691 1175 2763 iaciunt,
1209 2697 1340 2769 paterna
1368 2705 1423 2750 sua
1455 2687 1654 2765 benignitate
1680 2683 1792 2747 sedulo

1046 2785 1195 2847 adiuvare
1217 2784 1316 2854 velit,
1344 2782 1514 2858 omniaque
1543 2779 1789 2858 impedimenta,

1046 2895 1126 2956 quae
1165 2877 1358 2940 intrinsecus
1394 2875 1446 2937 vel
1482 2873 1682 2936 extrinsecus
1719 2871 1793 2934 huic

1045 2977 1154 3034 sancto
1176 2969 1231 3032 lini
1248 2968 1364 3048 opponi
1380 2973 1521 3046 possent,
1538 2965 1725 3028 auctoritate
1741 2980 1791 3042 pa-

1046 3064 1217 3136 triarchali,
1240 3079 1315 3124 curn
1336 3069 1446 3124 nostra
1476 3059 1695 3146 imbecillitate
1718 3075 1790 3120 con·

1045 3165 1208 3230 currente,
1233 3170 1405 3218 removere
1427 3153 1590 3231 dignetur.

1086 3251 1225 3323 «Sento,
1238 3249 1358 3312 ibidem
1374 3249 1503 3310 dicitur:
1523 3245 1554 3308 Si
1572 3262 1669 3324 opera
1684 3251 1792 3308 nostra

1044 3347 1077 3408 iu
1101 3346 1199 3408 rebus
1231 3341 1450 3406 ecclesiasticis
1479 3357 1513 3403 ac
1542 3335 1789 3417 temporalibus,

1044 3442 1081 3504 ad
1096 3439 1206 3503 sedem
1218 3436 1462 3516 patriarchalem
1475 3433 1707 3497 Antiochenam
1721 3449 1791 3512 spe-

1044 3534 1213 3604 ctantibus,
1229 3531 1276 3594 uti
1298 3529 1440 3592 voluerit
1461 3527 1651 3600 Patriarcha,
1669 3533 1792 3607 paratos

1044 3646 1078 3692 se
1100 3627 1283 3690 exhibeant.

1083 3722 1174 3784 ‹lsta
1188 3717 1373 3782 constitutio
1388 3717 1428 3779 de
1443 3715 1662 3794 spiritualibus
1674 3715 1791 3778 intelli-

1044 3818 1147 3895 genda
1169 3821 1218 3877 est
1239 3813 1277 3876 ad
1294 3811 1475 3874 animarum
1496 3809 1633 3872 salutem
1649 3815 1791 3888 spectan-

1044 3911 1146 3984 tibus3
1170 3907 1287 3988 quibus
1309 3906 1342 3968 in
1364 3905 1462 3967 rebus
1478 3911 1547 3965 tum
1563 3903 1792 3966 reverendissi-

1045 4005 1088 4066 mi
1110 4001 1232 4066 domini
1248 3998 1457 4070 Patriarchae,
1474 4003 1544 4060 tum
1559 3996 1790 4076 Episcoporum

1044 4099 1308 4160 dioecesanorum
1330 4092 1493 4155 adiutores
1512 4092 1646 4164 erimus,
1665 4092 1791 4168 quando

1044 4206 1175 4270 operam
1196 4194 1339 4250 nostram
1362 4185 1543 4264 requirent,
1567 4191 1719 4264 utsupra
1738 4201 1791 4247 ex-

1044 4286 1183 4364 positum
1206 4288 1272 4358 est;
1295 4297 1360 4344 non
1385 4277 1463 4341 item
1485 4279 1518 4340 in
1540 4277 1789 4356 temporalibus,

1043 4377 1197 4455 aquibus
1225 4390 1321 4452 quam
1349 4372 1538 4450 longissime
1566 4372 1677 4436 abesse
1699 4389 1788 4435 cura-

1043 4473 1160 4533 bimae.

1083 4564 1272 4643 «septimo,
1297 4561 1433 4624 ibidem:
1465 4559 1598 4624 Nullum
1624 4577 1697 4623 curn
1722 4561 1790 4640 ipso

1043 4659 1222 4724 Patriarcha
1242 4663 1296 4718 aut
1314 4655 1446 4733 reliquis
1462 4654 1608 4732 praelatis
1624 4655 1790 4718 dissidium

1044 4755 1197 4824 habeant,
1233 4765 1340 4828 neque
1367 4749 1399 4810 in
1427 4748 1526 4810 rebus
1554 4749 1590 4810 ad
1620 4749 1687 4812 eius
1722 4749 1790 4812 sive

1042 4847 1258 4926 praelatorum
1294 4842 1516 4906 auctoritatem
1552 4842 1790 4921 pertinentibus

1042 4959 1077 5004 se
1099 4941 1311 5010 immisceant,
1335 4938 1390 4999 sed
1413 4937 1624 5000 meminerint
1644 4953 1680 5000 se
1702 4937 1789 5000 illius

1043 5042 1075 5098 et
1097 5035 1329 5114 praelatorum,
1359 5030 1557 5107 inquorum
1590 5031 1790 5096 dioecesibus

1042 5137 1233 5199 versantur,
1257 5124 1564 5202 obsequentissimos
1594 5125 1676 5187 lilios
1705 5142 1788 5188 esse.

1043 5221 1074 5284 Si
1098 5222 1169 5300 quis
1191 5220 1265 5283 huic
1287 5218 1419 5296 regulae
1441 5233 1572 5295 quoquo
1598 5219 1693 5282 modo
1716 5236 1789 5282 con-

1042 5315 1219 5378 travenisse
1238 5319 1441 5392 compertum
1457 5311 1565 5384 inerit,
1582 5313 1789 5378 severissime

1042 5411 1203 5489 puniatur.
1566 5469 1568 5472 .

1082 5503 1193 5566 «llaec
1215 5501 1328 5578 regula
1350 5499 1500 5578 prohibet
1515 5500 1657 5578 quidem,
1675 5518 1716 5564 ne
1731 5501 1789 5564 im-

1042 5599 1234 5660 misceamus
1256 5611 1326 5670 nos,
1350 5602 1403 5657 ant
1425 5594 1591 5658 dissidium
1614 5595 1788 5658 babeamus

1041 5709 1112 5756 cum
1144 5689 1419 5754 reverendissimo
1447 5690 1578 5752 domino
1610 5690 1788 5754 Patriarcha

1042 5793 1074 5848 et
1103 5784 1250 5864 praelatis
1279 5785 1312 5846 in
1334 5783 1431 5846 rebus
1458 5784 1495 5846 ad
1520 5783 1603 5862 ipsos
1630 5784 1789 5863 ipsorum-

1042 5896 1105 5958 que
1137 5879 1357 5942 auctoritatem
1387 5883 1420 5940 et
1440 5877 1509 5940 iura
1531 5879 1786 5957 pertinentibus,

1042 5981 1073 6036 at
1086 5981 1195 6036 nostra
1209 5973 1277 6036 iura
1300 5970 1385 6034 tueri
1406 5971 1502 6034 etiam
1523 5972 1678 6036 adversus
1699 5988 1788 6051 prae·

1720 583 1778 646 ltttt
1833 582 1885 639 Αι.
1899 582 1928 638 G.
1943 581 2010 638 tlte
