4884 6994
837 589 1028 663 shannatus
1050 587 1107 638 SEU
1129 587 1344 638 CONCORDA'I'A

353 710 423 773 666.
432 707 539 772 XXIII.
549 707 702 772 ReddItns
715 708 768 785 qui
781 723 821 770 ex
832 707 1061 786 patronatibus,

313 803 482 883 cappellis,
506 800 743 872 sodalitatibus,
774 801 908 878 aliisque
933 801 1066 878 privatis

314 895 556 959 fundationibus
575 896 782 972 proveniunt,
799 894 836 956 ils
851 894 999 957 directim
1014 893 1065 955 ad·

314 990 462 1052 dIcentur
483 996 516 1052 et
530 988 801 1060 numerabuntur,
816 988 871 1066 qui
886 987 974 1050 iuxta
994 986 1067 1049 lun·

315 1083 481 1146 dationum
513 1081 636 1146 tabulas
658 1082 788 1145 eosdem
811 1080 963 1158 engendi
995 1081 1066 1142 inre

316 1175 470 1255 polleant,
494 1175 548 1238 rel
577 1169 618 1238 ’66
649 1175 687 1237 iIs
719 1175 867 1252 legitime
898 1171 1064 1250 delegatis

315 1269 449 1333 Illorum
480 1268 616 1340 solutio,
640 1274 676 1331 ut
697 1267 901 1346 praecedenti
931 1267 1067 1330 articulo

315 1373 444 1428 cautum
467 1369 526 1436 est,
549 1361 670 1439 absque
685 1361 751 1424 ulla
765 1361 978 1426 subductIone
999 1361 1065 1432 bet,

317 1457 355 1519 ab
386 1456 570 1534 insequenti
596 1471 680 1518 anno
704 1452 782 1516 6888
802 1453 936 1517 exordio
957 1456 1065 1518 ducto.

316 1549 396 1614 Casu
419 1565 484 1627 quo
504 1548 643 1626 aliquam
666 1563 706 1612 ex
728 1547 896 1625 praedictIs
911 1546 1068 1610 lundatio·

316 1643 411 1706 nibus
426 1642 572 1719 extingui
589 1641 763 1718 contingat,
778 1640 971 1719 praehabitis
982 1639 1068 1705 inter

317 1741 508 1816 potestatem
540 1734 784 1800 ecclesiasticam
811 1743 843 1797 et
867 1734 1068 1798 Gubernium

317 1830 468 1902 consiliis,
485 1837 717 1908 proventuum,
734 1829 789 1906 qui
804 1828 842 1890 ad
864 1827 951 1892 illam
973 1827 1068 1906 perti·

319 1925 453 1996 nebunt,
470 1923 596 2002 pietatis
610 1929 644 1985 66
664 1921 895 1984 666666666666
918 1920 1069 2000 66666666

318 2018 453 2082 addictio
475 2017 542 2088 flet,
565 2016 644 2094 quin
666 2023 773 2078 tumen
794 2029 937 2092 unquam
959 2021 1069 2078 contra

319 2111 527 2176 fundatorum
549 2110 749 2173 voluntatem
779 2107 941 2186 quidpiam
963 2109 1028 2172 bat.

359 2205 428 2268 hrt.
451 2202 562 2268 XXIII.
592 2201 703 2266 Sancta
726 2200 843 2274 Sedes,
867 2202 1070 2280 perpendens

319 2305 522 2379 praesentem
556 2303 673 2360 statum
704 2295 818 2358 aerarii
847 2294 1069 2366 columbiani,

320 2402 352 2456 et
379 2399 499 2456 attenta
527 2389 665 2455 utilitate
696 2405 778 2468 qnae
808 2405 848 2452 ex
870 2389 1071 2452 observantia

321 2485 496 2566 praesentis
518 2485 741 2549 conventionis
762 2483 795 2545 in
817 2483 989 2546 Ecclesiam
1009 2498 1072 2546 ma-

322 2578 606 2656 nat,Ileipubhcae
620 2577 787 2654 sequentia
799 2575 937 2638 remittit
952 2582 986 2638 et
999 2589 1073 2636 con·

321 2672 433 2735 donat:
458 2673 492 2750 6)
507 2671 650 2735 Pretium
666 2670 762 2733 sortis
777 2669 881 2747 us'que
897 2669 1000 2731 adhuc
1015 2667 1073 2728 mi-

322 2767 410 2828 nime
431 2765 616 2843 recognitae
637 2765 719 2843 (666
739 2764 958 2826 666666666666
971 2761 1008 2824 io
1026 2779 1075 2823 ce-

321 2875 388 2922 666
398 2858 506 2939 modo)
521 2858 682 2922 bonorum
695 2857 930 2937 publicatorum
942 2856 1070 2936 (vulgo:

323 2950 630 3032 divummovttszctt')
658 2966 739 3028 quae
767 2951 869 3028 quoad
902 2951 1074 3012 maximam

323 3046 455 3110 Illorum
477 3052 600 3124 partem
616 3045 654 3108 ad
675 3052 855 3108 conventus
872 3042 1076 3123 pertinebant

324 3149 378 3204 aut
392 3139 536 3202 sodalitia
552 3137 701 3215 religiosa
715 3137 886 3214 utriusque
901 3153 998 3199 sexus
1013 3137 1075 3198 iam

325 3235 480 3306 extincta,
512 3239 544 3295 66
574 3233 607 3296 66
638 3231 903 3311 praecedentibus
935 3231 1076 3293 articulis

326 3327 409 3390 haud
431 3326 684 3406 comprehensa;
707 3323 738 3405 6)
759 3324 893 3388 Nomina
920 3339 1001 3401 qnae
1023 3325 1076 3388 de-

326 3421 398 3484 beat
412 3420 632 3484 ecclesiasticis
650 3419 805 3484 institutis
819 3420 859 3482 ob
874 3435 939 3482 non
955 3417 1077 3482 solutos

326 3515 471 3579 redditus
503 3514 669 3578 fructusve
701 3527 841 3591 quorum
872 3513 940 3576 dies
971 3512 1075 3582 cessit.

326 3610 428 3672 aliave
456 3609 495 3672 de
527 3623 618 3671 causa
648 3623 688 3682 ex
720 3607 934 3685 publicatione
967 3606 1077 3668 oborta

327 3717 429 3780 usque
450 3701 487 3764 ad
510 3701 595 3765 diem
619 3715 696 3775 xxxx
718 3699 899 3764 decembris
923 3699 1079 3762 vertentis

327 3796 402 3860 anni
423 3811 676 3858 uncccnxxxvrr.

228 3889 231 3894 '
368 3888 438 3952 666.
461 3887 559 3952 XXV.
583 3886 616 3950 ln
638 3887 735 3950 bulus
758 3887 905 3950 beneficii
930 3901 1080 3966 compen-

329 3983 485 4046 sationem
500 3980 749 4045 columbianum
762 3979 963 4042 Guberninm
977 3986 1082 4042 semet

330 4077 503 4154 obstringit
533 4075 671 4154 aliquam
700 4076 871 4152 quotannis
902 4076 936 4137 in
968 4091 1081 4154 66666-

330 4177 422 4232 tuum
444 4169 591 4232 addicere
613 4168 794 4247 expeditam
826 4169 980 4247 pecuniae
1001 4169 1079 4240 vim,

331 4277 424 4340 quae,
438 4262 644 4341 inpraesenti
658 4261 697 4326 ad
713 4268 847 4324 centena
858 4261 1083 4325 columbiano-

331 4371 404 4418 rum
432 4362 630 4418 scutatorum
653 4355 753 4418 millia
775 4355 957 4429 constituta,
981 4371 1082 4432 quum

331 4450 445 4512 aerarii
467 4449 607 4512 conditio
622 4449 749 4514 meliori
765 4448 864 4512 luerit
878 4449 960 4522 loco,
981 4463 1083 4528 aeque

332 4543 561 4622 adaugebitur;
594 4559 674 4622 quo,
706 4559 742 4606 ea
771 4543 896 4606 ratione
928 4553 961 4608 et
988 4543 1085 4606 modo

332 4640 387 4716 qni
409 4639 494 4700 inter
515 4653 657 4702 summas
679 4643 832 4715 utrasque
856 4643 1026 4714 potestates
1044 4651 1083 4698 ex

332 4731 511 4810 composito
538 4731 718 4803 conveniat,
742 4746 803 4810 666
824 4731 1009 4808 auxilioque
1037 4730 1084 4793 iu·

332 4826 496 4889 rabuntur
524 4825 699 4896 dioeceses,
728 4824 875 4904 capitula,
900 4824 1083 4894 seminaria,

246 4917 248 4926 ⁴
333 4919 504 4984 missiones
522 4919 645 4997 allaquo
668 4919 697 4982 ld
719 4935 822 4996 genus
843 4934 950 4997 opera,
968 4917 1085 4996 quibus

333 5012 474 5076 Ecclesia
489 5019 602 5091 gentes
620 5013 657 5076 ad
674 5013 899 5076 humaniorem
914 5013 998 5074 ritae
1020 5011 1085 5074 cul·

336 5113 404 5170 tum
426 5107 564 5172 adducit.

376 5200 444 5264 hrt.
469 5198 578 5264 XXVI.
608 5199 761 5278 Religiosi
793 5199 1007 5264 extincturum
1036 5217 1086 5262 so·

335 5295 512 5367 dalitatum,
535 5293 638 5357 adhuc
659 5295 737 5358 dum
758 5294 960 5372 superstites,
981 5294 1085 5357 reddi·

335 5387 421 5450 tibus
443 5387 508 5450 Irni
529 5395 668 5466 pergent
681 5389 737 5465 qui
760 5387 1026 5466 praecedentibus
1041 5387 1086 5450 Ie-

1793 557 1850 630 sol

1122 704 1281 784 religiosis
1302 705 1391 777 locis,
1415 721 1553 783 quornm
1576 706 1658 769 ratio
1679 704 1784 768 habita
1805 719 1871 766 non

1123 805 1172 862 est
1192 800 1225 861 in
1246 798 1382 862 66666666
1403 799 1497 862 XXII.
1521 800 1600 863 Casu
1620 815 1683 877 quo
1699 815 1798 878 super
1811 797 1873 860 hoc

1122 898 1216 970 eaput
1237 892 1331 955 dubia
1352 900 1407 955 aut
1420 893 1622 957 difficultates
1639 893 1795 964 oriantur,
1811 891 1872 955 (Iu-

1123 985 1273 1048 bernIum
1295 986 1426 1050 66666666
1453 1003 1527 1050 oum
1556 987 1753 1066 competenti
1775 986 1875 1049 eccle-

1123 1078 1245 1141 siastica
1256 1080 1444 1144 auctoritate
1456 1081 1715 1154 communicabit,
1728 1085 1776 1154 ut,
1789 1080 1874 1158 quod

1123 1171 1553 1245 mmmfflmm
1761 1211 1762 1214 =

1163 1263 1232 1327 hrt.
1257 1263 1394 1340 XXVIII.
1424 1266 1624 1330 GubernIum
1655 1265 1877 1330 ecclesiasticis

1123 1358 1278 1421 institutis
1305 1361 1387 1422 hona
1410 1360 1565 1438 publicata
1587 1361 1623 1423 ad
1647 1361 1758 1422 eadem
1781 1359 1877 1438 perti·

1123 1453 1231 1515 nentia
1254 1453 1415 1527 restituet,
1446 1469 1527 1532 quae
1550 1455 1632 1517 nulli
1662 1454 1817 1518 destinata
1847 1460 1879 1516 et

1124 1544 1282 1607 adtributa
1294 1547 1366 1608 usui
1379 1545 1478 1609 luisse
1489 1547 1784 1626 deprehendantur.
1797 1545 1879 1620 Quo·

1124 1654 1197 1699 rum
1213 1639 1266 1700 ubi
1283 1641 1413 1717 Ignotus
1428 1641 1640 1712 sitdominus,
1653 1639 1718 1713 vel,
1732 1642 1765 1704 in
1781 1655 1878 1718 quem

1124 1731 1364 1811 impendantur,
1382 1735 1454 1798 linis
1469 1735 1652 1808 cessaverit,
1669 1735 1738 1796 sive
1753 1750 1823 1797 sors
1839 1749 1880 1796 ex

1125 1842 1239 1890 eorum
1254 1827 1441 1891 venditione
1457 1831 1662 1908 proveniens,
1679 1829 1748 1890 sire
1764 1843 1878 1891 eorum

1124 1920 1247 1984 reditus
1269 1921 1469 1984 adsimiIibus
1491 1923 1616 2000 pietatis
1638 1929 1670 1985 66
1697 1922 1881 1986 66666666-

1127 2014 1187 2077 6666
1209 2015 1361 2095 66666666
1381 2016 1580 2090 addicentur,
1604 2024 1701 2094 prout
1728 2017 1880 2080 uniuscu-

1127 2109 1240 2186 iusque
1262 2109 1447 2173 dioeceseos
1468 2111 1640 2174 necessitas
1656 2110 1878 2189 postulaverit,

1126 2201 1250 2264 collatis
1279 2219 1315 2265 ea
1345 2203 1485 2284 desuper
1513 2221 1549 2267 re
1578 2220 1651 2266 cnm
1682 2203 1879 2284 competenti

1127 2296 1316 2358 auctoritate
1337 2297 1549 2361 ecclesiastica
1565 2297 1718 2360 consiliis.

1168 2385 1236 2450 hrt.
1261 2387 1371 2452 XXIII.
1397 2389 1508 2452 Sancta
1532 2389 1631 2454 Sedes
1661 2391 1798 2454 vicissim
1824 2389 1882 2470 pu·

1128 2478 1228 2542 blicae
1251 2481 1474 2559 tranquillitati
1489 2483 1659 2547 consulere
1674 2486 1806 2564 cupiens
1828 2485 1883 2548 de·

1128 2573 1237 2646 clarat,
1255 2590 1310 2636 eos
1332 2577 1388 2653 qui
1409 2578 1546 2642 duranto
1568 2579 1814 2658 praeteritarum
1836 2579 1881 2642 vi-

1130 2667 1352 2731 cissitudinum
1382 2677 1528 2749 tempore
1562 2672 1772 2736 ecclesiastica
1801 2673 1892 2748 bona

1131 2761 1270 2822 emerint
1285 2761 1412 2840 publice
1434 2765 1621 2843 proscripta,
1645 2771 1699 2829 aut
1714 2781 1828 2828 census
1850 2765 1883 2827 in

1132 2852 1259 2931 publico
1280 2857 1405 2918 aerario
1432 2858 1643 2930 redemerint,
1666 2859 1704 2921 ad
1735 2859 1880 2920 civilium

1130 2948 1242 3024 legum
1259 2955 1336 3012 tuno
1357 2952 1512 3028 temporis
1524 2953 1706 3029 vigentIum
1722 2967 1882 3024 normam,

1131 3041 1223 3105 nullo
1246 3059 1387 3121 unquam
1411 3051 1559 3123 tempore
1580 3052 1634 3108 aut
1656 3047 1753 3108 modo
1774 3045 1813 3108 ab
1835 3061 1884 3108 66-

1132 3135 1304 3200 clesiastica
1327 3144 1481 3215 potestate
1503 3139 1683 3203 molestiam
1706 3139 1883 3202 habituros.

1132 3227 1214 3292 llaec
1236 3245 1333 3308 porro
1349 3231 1546 3295 remissionis
1562 3235 1661 3310 gratia
1677 3234 1795 3296 nedum
1812 3249 1887 3295 exe·

1134 3329 1261 3385 6666666
1285 3323 1469 3387 huiusmodi
1484 3331 1611 3390 actuum
1627 3326 1885 3405 comprehendit,

1133 3427 1249 3478 verum
1272 3417 1367 3480 etiam
1390 3434 1445 3480 eos
1467 3435 1580 3482 omnes
1601 3420 1710 3496 quiin
1732 3418 1886 3483 exerciho

1134 3508 1306 3572 euluslibet
1318 3509 1462 3574 muneris
1473 3511 1595 3575 elsdem
1608 3511 1886 3592 participaverint;

1134 3600 1176 3662 ita
1197 3609 1234 3664 ut
1255 3613 1419 3682 emptores
1444 3612 1498 3667 aut
1519 3607 1692 3684 mancipes,
1716 3621 1887 3669 censuum·

1136 3708 1199 3772 que
1221 3698 1455 3776 redemptores,
1479 3705 1548 3761 tum
1570 3699 1641 3778 ipsi,
1665 3707 1735 3762 tum
1750 3699 1888 3777 legitimi

1137 3803 1251 3852 eornm
1274 3805 1476 3854 successores
1502 3793 1541 3855 ab
1569 3794 1650 3856 iisve
1676 3809 1804 3856 causam
1835 3794 1888 3858 ha·

1136 3882 1261 3957 bentes,
1278 3891 1348 3949 tuto
1361 3895 1394 3948 et
1409 3885 1537 3966 pacifice
1552 3903 1587 3950 ea
1603 3901 1785 3964 eorumque
1802 3904 1891 3950 emo·

1138 3976 1281 4043 lumenta
1303 3987 1336 4041 et
1349 3979 1473 4043 Iructus
1488 3981 1549 4042 sibi
1565 3982 1713 4046 habeant.
1736 3982 1770 4046 ld
1783 3988 1890 4046 tamen

1137 4086 1267 4150 semper
1290 4073 1390 4136 lixum
1423 4074 1621 4152 firmumque
1649 4091 1720 4138 esse
1746 4075 1889 4148 debebit,

1138 4171 1175 4227 ut
1195 4164 1381 4228 huiusmodi
1402 4167 1552 4230 abusivae
1574 4168 1781 4232 alienationes
1810 4183 1892 4230 nun-

1138 4270 1234 4334 quam
1256 4258 1289 4321 in
1312 4266 1478 4337 posterum
1502 4270 1715 4325 renoventur.

1179 4351 1248 4414 666.
1263 4351 1358 4416 XIIII.
1376 4353 1463 4428 Quod
1480 4358 1674 4420 coemeteria
1690 4357 1805 4420 attinet
1819 4356 1890 4420 Ilei-

1140 4445 1296 4523 panIcae,
1323 4447 1523 4512 GubernIum
1549 4465 1589 4512 ex
1615 4451 1793 4530 composito
1817 4465 1891 4512 cum

1140 4540 1328 4618 respectivis
1343 4541 1490 4606 locorum
1505 4541 1679 4607 Ordinariis
1695 4561 1825 4624 operam
1841 4545 1894 4608 ad·
1927 4572 1929 4576 ·

1139 4633 1274 4708 hibebit,
1288 4643 1325 4698 ut
1339 4639 1513 4712 cautiones,
1524 4653 1601 4715 quas
1614 4639 1752 4702 olricum
1769 4639 1891 4702 bonnm

1140 4735 1173 4790 et
1184 4729 1309 4806 publica
1321 4729 1407 4792 salus
1418 4730 1566 4809 IegItime
1578 4733 1691 4810 exigit,
1706 4748 1779 4796 cum
1790 4747 1893 4796 vene·

1141 4822 1264 4885 ratione
1286 4824 1382 4886 666666
1410 4825 1488 4889 locIs
1518 4825 1743 4903 ecclesiaeque
1765 4826 1893 4904 legibus

1141 4917 1247 4979 debita
1261 4917 1436 4980 soclentur.
1454 4917 1536 4986 Casu
1550 4933 1616 4996 quo
1632 4920 1810 4983 sententiae
1829 4935 1894 4982 non

1141 5013 1345 5086 conveniant,
1357 5012 1563 5090 IleIpublicae
1578 5011 1779 5075 8666666666
1795 5028 1893 5090 nego-

1142 5106 1222 5168 tium
1245 5123 1304 5186 666
1326 5123 1362 5168 66
1384 5093 1456 5169 nata
1479 5123 1553 5170 cum
1577 5105 1690 5169 Sancta
1712 5105 1795 5171 Sede
1810 5123 1896 5171 oom-

1142 5201 1327 5264 municabit.

1180 5294 1249 5358 hrt
1266 5295 1377 5358 XXXI.
1394 5295 1485 5360 Pacta
1501 5295 1799 5374 contentionesque
1815 5309 1896 5374 quae

1141 5394 1231 5461 inter
1254 5387 1286 5450 S.
1303 5387 1420 5452 Sedem
1442 5396 1475 5450 et
1492 5387 1680 5452 Columbiae
1695 5388 1896 5452 Gubernium

337 5481 430 5559 gibus
451 5481 602 5544 adtributi
629 5481 704 5561 ipsis
730 5481 864 5545 luerunt
888 5497 948 5560 pro
971 5498 1086 5546 eorum
1140 5483 1291 5545 ineantur
1313 5484 1417 5561 quoad
1439 5483 1580 5546 subsidia
1603 5489 1636 5545 et
1656 5484 1839 5545 adiumenta
1863 5491 1899 5546 ut

336 5575 571 5638 sustentatione
584 5575 719 5653 aliisque
730 5575 814 5638 vitae
830 5575 1085 5638 necessitatibus.

378 5669 447 5733 666.
471 5667 594 5732 xxvii.
618 5669 689 5732 Pari
711 5669 805 5732 modo
829 5668 974 5732 redditus
995 5667 1088 5731 aliae·

338 5778 401 5841 qne
422 5763 652 5840 assignationes
673 5763 786 5825 firmae
801 5769 951 5838 rataeque
965 5769 1088 5825 consta-

338 5856 419 5920 bunt
439 5856 573 5920 antehac
594 5857 773 5919 adtributae
789 5857 889 5919 divini
903 5857 1009 5919 cultus
1024 5873 1088 5918 ma·

339 5950 523 6014 nutentioni
544 5951 578 6012 in
599 5949 754 6026 ecclesiis,
777 5949 939 6030 cappellis,
954 5950 1088 6030 aliisque

455 6101 514 6142 Iter.
532 6101 608 6141 Pont.
624 6099 656 6141 dc
670 6100 750 6150 Pron.
767 6099 830 6141 Itale
844 6097 930 6142 Partis
944 6099 963 6141 6.
978 6096 1033 6140 vol.
1048 6099 1100 6142 vll.

1142 5575 1317 5640 catholicae
1330 5575 1499 5638 missiones
1516 5591 1615 5655 penes
1631 5575 1779 5638 barbaras
1798 5577 1898 5639 tribus

1144 5669 1176 5730 in
1191 5669 1394 5747 Reipublicae
1416 5669 1582 5732 terrItorio
1604 5671 1762 5747 degentes
1779 5671 1899 5732 maiora

1145 5764 1344 5826 incrementa
1367 5763 1551 5841 suscipiant,
1576 5763 1778 5841 publicorum
1801 5764 1898 5826 comi-

1144 5857 1266 5920 tiorum
1298 5856 1502 5934 Reipublicae
1525 5857 1684 5935 suffragiis
1714 5857 1898 5920 confirmari

1148 5950 1233 6014 haud
1256 5951 1429 6030 oportebit.

1769 6095 1796 6138 lu
