4836 7002
917 577 1092 626 aumonius
1113 579 1164 624 PP.
1188 578 1254 624 xvi.

311 696 463 760 decorare
485 706 736 770 consueverunt,
769 713 850 776 quae
878 696 1057 774 insignibus

311 789 483 854 catholicae
514 791 682 868 religionis
719 791 937 854 monumentis
970 805 1057 868 prae-

310 889 404 946 stant.
428 883 598 948 Neminem
621 891 708 948 certe
729 885 816 958 latet,
843 883 927 946 inter
949 884 1058 962 plures

311 978 453 1056 insignes
485 979 608 1042 hiricae
633 980 783 1056 regiones
814 978 925 1041 luliam
950 977 1059 1040 Caesa·

312 1085 399 1131 ream
421 1070 537 1133 merito
563 1071 737 1144 recenseri,
755 1085 835 1148 quae
851 1071 903 1132 vel
924 1071 962 1132 ab
983 1070 1058 1148 ipsis

311 1163 500 1226 christianae
528 1164 694 1240 religionis
723 1164 862 1227 exordiis
892 1163 1057 1241 Evangelii

311 1257 382 1318 luce
396 1256 553 1319 illustrata
574 1274 608 1320 ac
629 1257 771 1335 plurium
794 1257 971 1335 Martyrum
990 1273 1059 1320 san-

311 1351 409 1427 guine
423 1350 581 1425 decorata,
597 1351 702 1429 ipsum
719 1351 948 1428 angustinum,
965 1350 1059 1428 tulgi-

311 1443 476 1506 dissimum
493 1443 651 1506 Ecclesiae
674 1445 796 1516 lumen,
813 1443 985 1506 catholicae
1006 1445 1059 1506 do-

310 1536 431 1598 ctrinae
448 1553 636 1615 praeconem
654 1538 803 1600 habuisse
819 1538 985 1615 gloriatur.
1002 1537 1059 1600 lta-

310 1645 372 1706 que
388 1645 514 1692 summa
525 1631 621 1693 animi
635 1633 737 1694 nostri
752 1631 870 1694 laetitia
885 1647 921 1694 ea
933 1631 965 1692 in
977 1631 1058 1692 urbe

310 1725 521 1802 episcopalem
545 1727 654 1788 sedem
678 1726 908 1788 restituendam
934 1724 1058 1786 censui·

311 1834 393 1890 mus,
417 1826 453 1881 ut
474 1818 593 1881 Christi
617 1819 696 1882 tides
718 1821 837 1882 iterum
861 1821 894 1882 in
920 1819 982 1881 illis
1008 1834 1058 1880 re-

311 1913 459 1989 gionibus
481 1914 608 1991 vigeret
629 1920 723 1990 atque
742 1913 937 1976 lloresceret.
953 1911 1057 1986 Quum

311 2019 389 2066 vero
412 2005 511 2084 probe
533 2021 712 2078 noscamus,
736 2005 918 2068 miserantis
934 2005 990 2067 Dei
1005 2005 1058 2067 be·

310 2098 425 2160 nellcio
446 2115 480 2160 ac
501 2098 657 2176 singulari
687 2113 761 2160 ven.
793 2097 898 2160 fratris
927 2099 1057 2160 Antonii

310 2190 450 2270 Adulphi
465 2191 598 2269 Dupueh
614 2192 711 2254 lullae
725 2192 896 2255 Caesareae
911 2191 1056 2270 Episcopi

309 2299 384 2346 cura
398 2291 432 2346 et
445 2285 551 2348 studio
571 2284 757 2348 catholicam
780 2285 973 2362 religionem
994 2301 1057 2346 ma-

309 2377 375 2439 iora
385 2377 419 2438 in
434 2377 502 2440 dies
517 2377 715 2440 incrementa
730 2379 905 2457 suscipere,
917 2386 984 2440 tum
1002 2393 1057 2440 no·

309 2484 386 2532 vum
409 2477 538 2532 nostrae
562 2471 807 2534 benevolentiae
835 2471 1056 2534 testimonium

309 2564 413 2627 eidem
436 2564 588 2629 ecclesiae
609 2581 644 2628 ac
658 2564 744 2628 illius
759 2563 899 2626 antistiti
915 2565 1058 2628 tribuen-

309 2658 385 2720 dum
417 2657 613 2720 censuimus.
641 2657 743 2731 Quare
764 2660 868 2735 ipsum
891 2657 1058 2720 venerabi-

308 2745 403 2814 lem'a
419 2751 586 2828 quibusvis
604 2751 944 2814 excommunicationis
962 2758 995 2812 et
1011 2751 1057 2812 in-

310 2845 435 2908 terdicti
462 2845 682 2908 ecclesiasticis
710 2846 866 2916 censuris,
888 2844 1058 2907 sententiis

309 2949 341 3004 et
356 2941 478 3020 poenis,
502 2940 617 3018 quovis
641 2939 736 3002 modo
752 2947 784 3002 et
799 2954 1002 3016 quacumque
1018 2941 1057 3002 de

308 3054 398 3100 causa
421 3038 502 3109 latis,
517 3037 543 3098 si
564 3051 641 3114 quas
660 3036 744 3100 torte
758 3036 943 3107 incurrerit,
961 3035 1057 3100 huius

310 3139 431 3194 tantum
443 3133 492 3213 rei
503 3132 602 3208 gratia
617 3131 820 3194 absolventes
832 3139 865 3194 et
875 3131 1056 3194 absolutum

308 3225 378 3288 lore
409 3233 596 3298 censentes,
631 3233 721 3289 motu
754 3227 885 3305 proprio
913 3243 947 3288 ac
971 3233 1057 3288 certa

308 3321 439 3382 scientia
470 3326 503 3382 et
530 3326 654 3382 matura
685 3319 916 3382 deliberatione
948 3325 1057 3382 nostra

308 3415 413 3491 deque
434 3413 623 3492 apostolieae
649 3414 814 3492 potestatis
843 3412 1054 3491 plenitudine,

308 3509 422 3570 harum
452 3507 633 3570 litterarum
663 3507 768 3570 eidem
796 3507 936 3568 Antonio
960 3505 1056 3568 hdul·

309 3604 372 3683 pho
386 3603 543 3683 Episcopo
562 3603 696 3680 eiusque
712 3603 745 3664 in
767 3601 864 3664 luliae
886 3601 1056 3663 Caesareae

308 3697 491 3776 episcopatu
523 3695 762 3758 successoribus
797 3695 830 3757 in
863 3703 1055 3774 perpetuum

309 3791 490 3854 facultatem
504 3791 636 3854 iacimus
651 3797 683 3852 et
697 3791 916 3868 indulgemus,
934 3797 970 3852 ul
988 3790 1056 3868 ipse

308 3893 403 3962 atque
416 3886 485 3948 eius
496 3899 709 3956 successores,
726 3885 759 3946 in
773 3883 870 3947 lullae
885 3883 1056 3945 Caesareae

308 3979 435 4042 civitate
457 3986 489 4041 et
509 3978 648 4040 dioecesi
670 3977 844 4051 dumtaxat,
871 3976 1007 4040 Crucem
1022 3976 1055 4038 in

308 4073 475 4152 quibusvis
497 4071 632 4150 publicis
661 4071 857 4149 privatisque
885 4071 1056 4134 functioni·

308 4168 368 4230 bus
382 4175 455 4230 ante
471 4183 505 4230 se
521 4168 642 4230 elevari
656 4173 688 4228 et
704 4167 822 4244 gestari
837 4165 941 4228 lacere
953 4165 1055 4228 libere

309 4264 432 4342 possint
453 4269 485 4324 et
511 4261 648 4324 valeant.
678 4261 760 4325 Haec
789 4261 995 4324 concedimus
1024 4267 1056 4322 et

308 4356 494 4434 cingimus,
517 4356 669 4418 volumus
685 4363 717 4418 et
731 4355 929 4425 mandamus,
947 4354 1055 4416 decer-

308 4459 423 4513 nentes
444 4452 499 4512 has
522 4459 707 4530 praesentes
722 4450 829 4513 literas
844 4450 964 4520 firmas,
980 4447 1055 4510 vall·

307 4545 362 4607 das
384 4554 416 4609 et
437 4545 578 4608 efficaces
607 4545 746 4610 existere
769 4544 893 4608 acione
915 4558 1056 4620 suosque

308 4637 467 4716 plenarios
490 4647 522 4702 et
549 4641 694 4717 integros
722 4640 854 4702 ellectus
885 4639 991 4700 sortiri
1024 4645 1056 4701 et

308 4731 455 4795 obtinere
477 4733 648 4811 eidemque
662 4733 802 4796 Antonio
820 4733 969 4812 idulpho
984 4731 1056 4811 Epi-

307 4841 403 4904 scopo
435 4827 570 4904 eiusque
601 4828 838 4890 successoribus
871 4827 1055 4906 plenissime

307 4920 474 4997 suhragari
496 4937 530 4982 ac
552 4921 700 4983 omnibus
722 4921 902 4999 respective
923 4922 1055 4984 inviola-

308 5011 415 5074 biliter
431 5011 606 5085 observari,
626 5013 736 5090 sicque
752 5015 785 5075 in
800 5014 982 5093 praemissis
998 5030 1055 5094 per

307 5121 529 5183 quoscumque
557 5107 678 5169 iudices
707 5108 883 5170 ordinarios
913 5117 945 5170 et
971 5110 1055 5172 dele·

307 5207 406 5276 gatos,
431 5198 526 5260 etiam
548 5215 712 5262 causarum
735 5201 840 5279 palatii
861 5203 962 5265 nostri
984 5218 1056 5281 apo·

306 5292 410 5355 stolici
424 5293 596 5366 auditores,
609 5293 741 5358 iudicari
753 5302 786 5358 et
796 5295 922 5359 deliniri
937 5295 1056 5360 debere

306 5403 341 5448 ac
362 5385 491 5448 irritum
514 5392 546 5448 et
566 5387 672 5460 inane,
696 5387 721 5448 si
744 5404 836 5451 secus
850 5405 948 5468 super
970 5390 1018 5451 his
1040 5407 1056 5452 a

306 5495 479 5558 quoquam,
496 5480 607 5557 quavis
622 5481 821 5556 auctoritate,
843 5483 982 5546 scienter
1003 5483 1056 5546 vel

306 5573 495 5650 ignoranter
517 5575 712 5653 contingerit
732 5577 891 5639 attentari.
915 5576 986 5640 Non
1003 5575 1056 5638 ob-

212 5711 216 5719 .
307 5666 475 5738 stantibus,
489 5669 615 5745 quoties
626 5684 706 5746 opus
718 5668 826 5742 luerit,
840 5670 958 5732 Bened.
973 5668 1052 5734 XlV.

307 5760 561 5838 praedecessoris
583 5763 684 5825 nostri
706 5779 805 5843 super
820 5764 976 5827 divisione
991 5781 1055 5828 ma-

347 5973 377 6029 (l)
393 5974 429 6018 lex
443 5972 566 6022 archivio
580 5973 711 6022 Brevtum.

1114 696 1281 768 teriarum,
1297 695 1431 774 aliisque
1445 693 1624 774 apostolicis
1639 709 1673 755 ac
1687 691 1721 756 in
1732 692 1862 754 unirer-

1114 789 1243 862 salibus,
1268 789 1582 869 provincialibusque
1604 793 1636 850 et
1657 784 1862 866 synodalibus

1114 883 1256 964 conciliis
1277 883 1368 946 editis
1387 882 1591 961 generalibus
1606 881 1658 943 vel
1673 879 1862 958 specialibus

1113 977 1395 1042 constitutionibus
1407 985 1440 1040 et
1451 975 1715 1047 ordinationibus,
1728 989 1862 1036 necnon

1115 1071 1256 1134 eiusdem
1281 1070 1378 1134 iuliae
1399 1069 1571 1133 Caesareae
1586 1068 1749 1140 ecclesiae,
1766 1066 1861 1128 etiam
1887 1085 1890 1094 ’

1114 1165 1295 1227 iuramento
1317 1172 1413 1243 atque
1434 1163 1677 1227 confirmatione
1692 1160 1863 1240 apostolica

1115 1257 1167 1319 vel
1189 1257 1300 1334 quavis
1314 1259 1465 1321 tlrnritate
1479 1255 1539 1319 alia
1554 1255 1721 1327 roboratis,
1737 1253 1863 1318 statutis

1115 1357 1147 1413 et
1178 1351 1479 1416 consuetudinibus:
1513 1351 1630 1429 quibus
1655 1347 1805 1412 omnibus
1830 1356 1863 1411 et

1113 1444 1261 1521 singulis,
1275 1444 1406 1506 illorum
1423 1458 1552 1508 tenores
1569 1441 1789 1522 praesentibus
1804 1457 1863 1518 pro

1115 1538 1210 1617 plene
1225 1545 1257 1600 et
1271 1538 1468 1603 sufficienter
1482 1537 1643 1616 expressis
1657 1553 1692 1598 ac
1707 1537 1747 1599 de
1762 1535 1862 1598 verbo

1114 1631 1149 1693 ad
1177 1632 1313 1694 verbum
1343 1632 1472 1696 insertis
1499 1631 1666 1702 habentes,
1695 1629 1759 1692 illis
1787 1629 1862 1690 alias

1113 1725 1145 1787 in
1161 1741 1221 1788 suo
1236 1725 1353 1788 robore
1374 1725 1603 1799 permansuris,
1620 1725 1658 1786 ad
1674 1722 1863 1802 praemisso-

1114 1833 1185 1881 rum
1209 1819 1370 1890 ellectum,
1396 1820 1452 1882 hac
1467 1817 1537 1882 vice
1552 1820 1727 1892 dumtaxat,
1744 1816 1862 1897 specia-

1113 1912 1188 1974 liter
1210 1920 1242 1974 et
1268 1928 1420 1991 expresse
1450 1914 1656 1991 derogamus,
1680 1914 1860 1989 ceterisque

1113 2007 1279 2068 contrariis
1301 2007 1570 2084 quibuscumque.

1154 2099 1265 2162 Datum
1282 2099 1410 2172 Romae,
1428 2100 1511 2178 apud
1527 2097 1559 2162 S.
1576 2099 1720 2173 Petrum,
1734 2100 1794 2162 sub
1809 2117 1862 2162 an·

1113 2193 1190 2256 nulo
1213 2193 1336 2266 Piscat,
1360 2193 1411 2255 die
1434 2209 1478 2256 rx.
1495 2193 1629 2257 ianuarii
1652 2210 1859 2267 uncccxurv„

1113 2286 1313 2362 pontificatus
1335 2287 1438 2349 nostri
1459 2303 1543 2350 anno
1566 2303 1637 2349 xrrr.

1448 2567 1528 2631 xiil.

1113 2757 1268 2820 Poroecic
1288 2757 1484 2821 cathedralis
1508 2757 1689 2838 Cuopcquil
1709 2757 1861 2838 reipubli-

1153 2868 1207 2913 cae
1228 2851 1389 2928 Equatore
1411 2870 1431 2915 o
1451 2852 1613 2916 decanatu
1638 2852 1808 2923 dividitor,
1830 2857 1860 2914 et

1152 2945 1187 3008 irs
1208 2946 1437 3009 conculcatam
1458 2945 1597 3027 cripitur
1616 2946 1628 3025 (
1650 2945 1672 3025 ).

1285 3115 1507 3184 altecomus
1529 3117 1592 3188 Ρ,Ρ.
1615 3117 1687 3184 xvv.

1232 3241 1269 3307 ad
1291 3246 1464 3324 perpetuen
1488 3241 1531 3307 rei
1555 3241 1742 3306 memoriam

1130 3417 1199 3480 *Ex
1221 3417 1329 3480 debito
1354 3415 1520 3495 pastoralis
1541 3415 1697 3488 muueris,
1721 3417 1805 3494 quod
1828 3417 1861 3478 in

1113 3512 1301 3574 universum
1331 3509 1485 3572 divinitus
1513 3509 1719 3572 commissum
1750 3511 1860 3572 estad

1112 3603 1348 3676 christifideles,
1360 3604 1398 3666 ab
1411 3602 1469 3665 bac
1480 3601 1658 3681 apostolica
1669 3601 1751 3666 Sede
1763 3603 1860 3682 longe

1112 3700 1297 3771 disiunctos,
1315 3699 1487 3777 pastorales
1509 3714 1600 3762 curas
1616 3699 1858 3777 protendentes,

1112 3791 1376 3873 per‘apostolicas
1402 3791 1511 3854 literas
1532 3791 1592 3854 sub
1614 3791 1748 3871 plumbo
1776 3793 1861 3855 datas

1112 3905 1154 3950 iv.
1172 3887 1235 3948 kal.
1253 3885 1406 3948 lebruarii
1421 3903 1471 3948 an.
1495 3901 1727 3948 unccexxxvn.
1745 3901 1861 3948 novam

1112 3979 1323 4060 episcopalem
1338 3979 1449 4042 sedem
1463 3979 1497 4042 in
1511 3979 1603 4042 istam
1615 3979 1862 4060 Cuayaquilensi

1111 4075 1238 4138 civitate
1260 4074 1495 4146 constituimus,
1512 4074 1545 4136 in
1561 4089 1662 4152 eaque
1680 4073 1861 4137 cathedrale

1111 4168 1284 4248 capitulum
1317 4168 1497 4241 ereximus,
1520 4184 1578 4231 sex
1604 4177 1750 4232 constans
1773 4183 1861 4247 prae-

1112 4263 1235 4334 bendis,
1260 4263 1506 4341 quamprimum
1529 4262 1599 4324 lieri
1628 4269 1737 4341 posset
1756 4263 1793 4324 ad
1816 4261 1861 4325 di-

1112 4359 1179 4419 vini
1204 4356 1310 4418 cultus
1335 4356 1542 4435 splendorem
1569 4357 1741 4434 augendis,
1768 4357 1861 4420 nimi·

1112 4467 1185 4512 rum
1197 4450 1319 4513 duabus
1331 4450 1551 4528 dignitatibus,
1563 4450 1717 4513 decanatu
1727 4451 1859 4524 scilicet,

1112 4545 1162 4608 cui
1177 4545 1356 4606 animarum
1369 4559 1478 4606 curam
1490 4544 1705 4618 adiunximus,
1719 4551 1752 4608 et
1763 4545 1861 4623 magi·

1111 4644 1195 4701 stros
1212 4638 1350 4712 scholae,
1372 4638 1496 4701 duobus
1512 4638 1752 4702 canonicatibus
1771 4639 1862 4702 theo-

1111 4731 1208 4809 logali
1229 4749 1263 4794 ac
1287 4733 1535 4811 poenitentiario
1556 4749 1590 4795 ac
1612 4732 1737 4810 duobus
1765 4732 1861 4803 benef

1112 4826 1190 4888 ficiis
1206 4825 1319 4889 maiori
1330 4843 1365 4888 ec
1380 4827 1497 4889 minori
1512 4827 1744 4905 nuncupandis.
1761 4827 1879 4890 Porro·
1899 4874 1901 4878 .

1112 4921 1144 4983 in
1172 4921 1286 4983 iisdem
1316 4921 1496 4998 apostolicis
1517 4919 1618 4983 literis
1644 4920 1858 4994 decrevimus,

1111 5023 1147 5077 ut
1162 5015 1331 5078 decanatus
1345 5031 1419 5077 curn
1434 5015 1555 5077 adnexa
1570 5031 1603 5077 ac
1618 5015 1681 5078 duo
1700 5016 1861 5078 canonica·

1111 5115 1174 5182 tus,
1192 5107 1382 5185 theologalis
1396 5124 1513 5187 nempe
1528 5125 1562 5172 ac
1583 5109 1859 5187 poenitentiarius,

1112 5219 1170 5282 per
1184 5217 1377 5265 concursum
1392 5202 1599 5267 deterrentur
1610 5203 1697 5266 iuxta
1708 5204 1861 5282 praescri·

1113 5303 1202 5377 ptum
1225 5295 1358 5359 Concilii
1375 5295 1554 5360 Tridentini
1569 5303 1602 5359 et
1614 5297 1860 5376 apostolicarum

1112 5389 1861 5470 constitutionum,utquepraebendaereliquae

1112 5483 1181 5546 sive
1202 5490 1326 5546 erectae
1348 5483 1417 5545 sive
1439 5483 1612 5560 erigendae
1634 5482 1858 5557 deterrentur,

1113 5577 1242 5656 praevio
1265 5579 1411 5640 examine
1433 5578 1486 5640 vel
1501 5577 1562 5640 alio
1583 5577 1807 5656 experimento
1822 5577 1860 5640 ab

1112 5672 1267 5751 Episcopo
1288 5671 1535 5751 Cuayaquilensi
1557 5671 1766 5750 designando.
1783 5671 1860 5733 lam-

1113 5782 1190 5829 vero
1206 5773 1262 5829 tuo
1276 5774 1371 5843 atque
1386 5766 1477 5830 istius
1493 5765 1644 5845 gubernli
1659 5766 1790 5829 nomine
1806 5782 1860 5830 ex-

1783 555 1843 620 Ξῖίδ
1900 555 1951 613 Αιι.
1965 555 1993 613 C.
2008 555 2076 614 teti
