4886 6986
728 561 753 624 d
961 579 1058 627 rnoux
1082 581 1325 629 xcnnxsnrrcus
1532 569 1557 630 d
1859 565 1899 630 66

408 695 607 760 6166166166
629 698 661 760 in
682 713 767 760 novo
788 715 891 777 regno
911 700 1116 762 constituitur
1170 716 1186 761 a
1214 701 1373 774 censuris,
1404 709 1464 765 etc.
1493 701 1544 775 Ν,
1575 701 1652 780 olm
1680 703 1919 782 hrchiepisoopi

369 788 532 866 Delegatio
561 790 619 870 hp.
644 789 680 851 V.
706 790 780 866 166,
807 792 916 854 Novus
944 793 1114 871 Delegatus
1170 792 1286 856 electio
1313 795 1491 858 declaratur
1522 797 1627 870 nulla,
1658 805 1691 858 et
1710 797 1769 859 sub
1792 813 1918 860 excom-

369 882 425 961 hp.
450 885 635 946 nominatur
651 884 721 957 Vl*,
738 885 812 962 639,
830 887 1028 950 Athenarum
1051 887 1115 966 epi·
1170 887 1395 950 municationis
1417 905 1518 967 poena
1541 890 1731 968 prohibetur·
1755 890 1850 954 lectio
1871 910 1918 954 ca-

263 974 266 980 '
367 977 502 1055 scopulis
521 978 652 1041 ecclesia
671 979 703 1040 in
722 981 1022 1060 archiepiscopalem
1042 997 1115 1042 eve·
1172 980 1318 1043 techismi
1340 982 1544 1060 aliorumque
1567 999 1702 1062 operum
1725 983 1867 1047 detuncti
1882 986 1917 1049 G.

368 1067 456 1130 hitur
469 1077 529 1131 etc.
543 1069 615 1142 Vl*,
629 1070 688 1132 670
701 1080 732 1134 et
743 1072 815 1148 671,
831 1091 865 1135 ac
878 1073 969 1136 titulo
981 1074 1115 1137 minoris
1170 1073 1280 1137 hdami
1297 1075 1347 1146 IV,
1365 1077 1439 1152 516,
1456 1077 1672 1140 Confirmatur
1684 1077 1854 1156 postulatio
1867 1079 1919 1140 Pa-

372 1160 516 1223 basilicae
539 1162 707 1226 decoratur
731 1162 800 1235 lll*‚
824 1165 893 1227 376.
1172 1169 1326 1231 triarchae
1356 1177 1389 1231 et
1410 1171 1548 1232 mittitur
1578 1170 1709 1248 pallium
1733 1169 1783 1242 Ν,
1806 1171 1866 1232 668
1887 1179 1920 1234 et

301 1293 302 1298 κ
409 1253 578 1318 6111116618
592 1257 747 1334 cuiusque
765 1265 864 1320 status
880 1267 912 1322 et
925 1261 1115 1323 conditionis
1170 1259 1241 1335 661,
1253 1260 1430 1340 Deploratis
1442 1263 1691 1326 dissensionibus
1701 1267 1781 1336 ortis
1793 1281 1832 1328 ex
1844 1281 1918 1344 qua·

367 1349 559 1426 prohibetur
571 1352 719 1428 pecunias
734 1352 794 1413 suh
806 1366 1011 1430 quocumque
1028 1371 1114 1433 prae·
1170 1354 1242 1416 dam
1258 1354 1408 1433 opinione
1424 1357 1505 1418 circa
1519 1357 1736 1420 Eucharistiae
1755 1375 1919 1422 consecra·

369 1449 457 1504 textu
480 1458 637 1519 quaerere
658 1453 717 1508 etc.
742 1446 777 1518 ll,
801 1447 869 1510 479.
1172 1447 1451 1520 tionem‚'iubetur
1472 1449 1533 1511 sub
1548 1450 1686 1512 defluitis
1708 1453 1818 1529 poenis
1838 1453 1918 1516 nihil

406 1533 867 1602 GRAECOdlELClll'lhllUll
884 1543 1114 1620 Episcoporum
1170 1541 1321 1604 affirmari
1337 1542 1388 1606 rel
1405 1543 1543 1616 delendi,
1556 1550 1589 1604 et
1600 1552 1776 1607 renovatur
1792 1563 1918 1610 exeom-

367 1627 542 1692 iurisdictio
558 1639 619 1693 etc.
636 1630 684 1702 lli,
704 1633 777 1708 161,
795 1634 991 1698 Patriarchae
1014 1646 1115 1698 trans·
1172 1636 1343 1698 municatio
1359 1635 1391 1697 in
1407 1637 1553 1713 legentes
1569 1637 1621 1700 vel
1638 1641 1815 1702 retinentes
1830 1639 1865 1702 (1.
1880 1640 1920 1710 h-

366 1722 505 1784 mittitur
521 1724 665 1802 pallium,
681 1726 810 1788 adiectis
827 1728 980 1790 mandatis
997 1737 1028 1791 et
1043 1745 1115 1790 eru·
1172 1728 1255 1790 dami
1279 1745 1385 1807 opera,
1410 1731 1511 1792 donec
1534 1729 1632 1793 Sedes
1655 1731 1713 1810 hp.
1738 1733 1777 1795 de
1800 1733 1849 1794 his
1872 1743 1920 1797 tu·

318 1899 320 1902 ,
366 1816 540 1879 ditionibus
563 1821 751 1896 opportunis
767 1819 815 1892 111,
836 1819 912 1896 137,
925 1822 971 1884 Ad
988 1823 1115 1900 Episco-
1171 1822 1246 1884 lerit
1264 1821 1417 1884 iudicium
1440 1822 1492 1894 lv,
1514 1823 1591 1898 611,
1615 1825 1812 1888 Patriarchae
1834 1844 1919 1890 com-

365 1923 421 1985 pos
461 1911 645 1974 extenditur
680 1912 810 1975 facultas
842 1915 1044 1994 dispensandi
1076 1917 1113 1977 ab
1171 1916 1309 1978 mittitur
1342 1917 1527 1981 auctoritate
1549 1934 1598 1996 ap.
1623 1920 1798 1997 praeficere
1822 1921 1919 2001 Bery-

365 2003 564 2066 abstinentiis
595 2006 683 2068 iuxta
708 2008 902 2072 decretalem
935 2010 1115 2075 Demuudc-
1169 2011 1268 2073 stensi
1291 2011 1367 2074 eccl.
1396 2011 1556 2088 Archiou,
1581 2011 1756 2074 dummodo
1781 2021 1841 2076 etc.
1866 2014 1917 2088 Ν,

365 2101 432 2157 tum
447 2105 506 2158 etc.
524 2097 573 2170 lll,
590 2099 647 2161 661
663 2110 701 2162 et
710 2101 788 2176 613,
805 2101 1018 2167 Latinizantes
1038 2107 1113 2170 ritui
1170 2103 1245 2179 70t;
1269 2105 1391 2167 Electio
1414 2105 1487 2166 novi
1512 2104 1746 2184 hrchiepiscopi
1769 2107 1918 2186 Hierapo-

365 2204 462 2266 quem
474 2191 645 2270 elegerint,
658 2200 1023 2275 perpetuoaggregandi
1039 2211 1115 2264 sunt
1170 2197 1259 2258 litani
1281 2197 1318 2270 ll,
1336 2195 1393 2272 69,
1419 2197 1614 2260 Patriarchae
1636 2197 1786 2260 scribitur
1808 2200 1847 2262 de
1866 2217 1919 2261 au-

364 2281 412 2354 111,
423 2281 493 2370 661,
507 2284 705 2350 Patriarchae
718 2289 915 2366 significatur
930 2293 1114 2371 approbatio
1170 2289 1246 2352 xilio
1270 2291 1449 2369 principum
1465 2289 1607 2368 expetito
1619 2307 1676 2368 pro
1691 2291 1840 2354 fidelibus
1856 2301 1916 2356 etc.

365 2378 628 2441 constitutionum
662 2382 912 2454 monachorum,
942 2385 981 2446 ab
1009 2403 1113 2465 eoque
1172 2384 1288 2460 11691,
1303 2385 1519 2446 Confirmatur
1530 2384 1644 2446 electio
1660 2386 1870 2460 Patriarchae,
1888 2396 1920 2450 et

367 2470 544 2546 postulatur
559 2489 646 2545 cura,
664 2491 705 2536 ne
721 2474 837 2537 horum
854 2481 1061 2556 congregatio
1076 2483 1114 2544 ab
1171 2479 1243 2540 huic
1266 2479 1405 2540 mittitur
1421 2477 1551 2555 pallium
1578 2477 1627 2549 Vl,
1645 2478 1705 2540 668
1726 2478 1848 2558 61661,
1866 2480 1919 2542 Pa·

367 2562 473 2640 aliquo
496 2573 634 2628 vexetur
655 2577 715 2632 etc.
734 2569 782 2641 111,
799 2568 875 2645 667,
898 2571 991 2634 Nulla
1014 2575 1114 2637 decla·
1171 2571 1326 2634 triarchas
1347 2572 1545 2648 significatur
1560 2571 1721 2635 Pontitlcis
1743 2573 1862 2637 laetitia
1878 2575 1919 2637 ob

364 2664 453 2719 ratur
474 2660 628 2722 abdicatio
641 2664 904 2740 patriarchatusa
925 2666 1047 2743 Gyrillo
1062 2670 1111 2731 lll.
1170 2667 1238 2728 eius
1261 2681 1369 2727 curam
1393 2666 1425 2726 in
1448 2667 1591 2741 regendo
1615 2673 1674 2728 816·
1695 2666 1743 2739 Vl.
1760 2667 1836 2744 2933
1861 2668 1918 2731 De·

364 2751 484 2828 absque
501 2751 532 2814 S.
551 2753 641 2818 Sedis
663 2773 821 2820 consensu
844 2759 933 2832 taum,
950 2762 1039 2824 irrita
1056 2763 1112 2841 igi·
1169 2760 1338 2838 plorantur
1349 2777 1443 2836 ausus
1456 2761 1833 2840 quatuorEpiscoporum
1845 2779 1918 2824 ron·

364 2853 416 2907 tur
438 2847 553 2910 electio
584 2851 756 2914 sacerdotis
781 2851 905 2930 ignatii,
929 2856 983 2932 qui
1017 2857 1112 2919 etiam
1170 2861 1216 2916 tra
1227 2853 1521 2932 promulgationem
1532 2853 1708 2916 kalendarii
1721 2856 1915 2932 gregoriani.

362 2939 396 3000 in
411 2941 658 3018 suspensionem
674 2944 820 3017 incurrit,
836 2962 983 3024 novaque
999 2949 1112 3014 electio
1168 2961 1307 3023 quorum
1337 2946 1559 3023 improbantur
1587 2953 1652 3008 acta
1679 2955 1740 3010 etc.
1765 2944 1815 3020 Vl,
1838 2946 1915 3022 366,

363 3034 399 3095 ad
424 3032 539 3096 Sedem
563 3036 621 3114 hp.
639 3052 709 3100 esse
731 3039 882 3102 doroluta
906 3040 955 3114 Ν,
973 3042 1029 3116 19,
1050 3045 1113 3106 hu·
1168 3040 1292 3102 libenti
1306 3041 1411 3102 animo
1424 3040 1580 3118 excipitur
1593 3039 1917 3120 SardensisEpiscopi

363 3127 508 3190 ctoritate
528 3145 576 3206 ap.
593 3131 759 3193 conlertur
781 3135 997 3211 patriarchalis
1013 3139 1112 3200 eccle·
1168 3135 1336 3196 detestatio
1364 3139 1526 3205 actorum,
1558 3149 1639 3210 quae
1668 3141 1777 3196 contra
1802 3150 1917 3213 grogo-

363 3221 406 3282 sia
429 3221 677 3302 hrchiepiscopo
691 3223 946 3312 ‚Hierapolitano
968 3231 1019 3292 cui
1042 3247 1112 3309 pro·
1168 3227 1247 3288 riani
1262 3226 1437 3288 kalendarii
1461 3228 1754 3304 promulgationem
1776 3229 1843 3306 ipse
1866 3245 1916 3307 pa-

364 3314 460 3378 lessio
482 3317 555 3379 lidei
578 3334 651 3380 cum
675 3319 835 3383 fidelitatis
863 3323 1044 3386 iuramento
1067 3326 1112 3386 in·
1169 3321 1263 3384 travit
1285 3328 1345 3382 etc.
1370 3318 1417 3392 l'l.
1434 3320 1511 3396 3183
1529 3321 1573 3384 De
1588 3323 1785 3385 ἃῦᾶίθὸῑίθῦθ
1807 3329 1839 3384 θῑ
1852 3323 1916 3384 5111·

363 3409 478 3470 dicitur
494 3418 553 3472 eto.
567 3409 618 3479 Ν,
634 3411 688 3487 61,
707 3413 880 3490 ablegatus
897 3416 954 3494 hp.
974 3418 1113 3480 mittitur
1168 3411 1305 3475 lectione
1328 3415 1525 3476 Patriarchae
1541 3415 1691 3478 allocutio
1708 3415 1758 3488 Vl,
1775 3416 1854 3491 667,
1872 3416 1916 3479 De

364 3517 485 3566 norum
508 3504 719 3568 Patriarcham
736 3507 876 3584 eligendi
897 3527 998 3582 causa,
1017 3511 1114 3574 lacul-
1168 3509 1333 3582 facultate,
1357 3509 1506 3587 llrchiep.
1529 3527 1695 3582 concessa,
1725 3511 1916 3589 disponendi

365 3595 480 3658 tatibus
496 3597 671 3662 instructus
686 3600 721 3662 ad
739 3603 931 3665 nationalem
952 3607 1111 3682 synodum
1167 3604 1309 3682 plurium
1328 3604 1497 3664 missarum
1513 3603 1762 3666 celebrationem
1776 3611 1836 3666 etc.
1851 3602 1914 3676 llll,

366 3691 599 3753 convocandam
617 3700 676 3755 etc.
692 3693 741 3766 Ν,
754 3693 810 3769 66,
827 3695 1024 3760 Patriarchae
1039 3716 1112 3761 con·
1169 3697 1236 3773 188,
1251 3698 1295 3759 lle
1307 3697 1408 3760 lorma
1421 3696 1628 3776 protessionis
1641 3698 1838 3760 orthodoxae
1853 3707 1913 3760 etc.

364 3782 512 3846 firmatur
533 3784 771 3866 electrumque
794 3790 1021 3867 praescribitur
1036 3793 1111 3855 fidei
1166 3806 1198 3852 v.
1222 3792 1282 3853 sub
1304 3790 1405 3853 verbo
1427 3789 1527 3853 Fidei.

362 3874 519 3952 protessio
535 3884 608 3950 etc,
622 3879 737 3942 deinde
756 3881 885 3959 pallium
903 3883 1042 3946 mittitur
1056 3884 1107 3958 Ν,
1207 3883 1499 3957 dnonbtxrlblx,
1521 3885 1652 3948 lalanda
1672 3891 1706 3946 et
1726 3885 1856 3948 Ferrot's
1877 3887 1916 3948 dc

365 3966 421 4029 160
443 3976 475 4031 et
499 3969 573 4046 1116,
598 3973 794 4037 Patriarchae
825 3977 1037 4040 committitur
1065 3980 1111 4041 in·
1165 3978 1279 4040 insulis
1311 3997 1326 4038 a
1362 3976 1484 4040 Vicario
1514 3978 1572 4057 Ap.
1603 3979 1914 4056 septemtrionalium

363 4063 493 4138 quirere
522 4064 554 4125 in
578 4081 727 4142 personas
749 4075 782 4130 et
802 4069 917 4148 scripta
939 4070 974 4132 G.
998 4071 1109 4134 Adami
1168 4072 1357 4134 missionum
1379 4071 1635 4150 dependentibus
1657 4085 1687 4132 v.
1712 4070 1848 4135 Doctae.

362 4163 395 4218 et
410 4156 505 4218 huius
528 4157 700 4233 lautorum,
719 4157 835 4238 quibus
856 4164 1044 4241 apostolicae
1061 4166 1109 4230 lit·
1205 4163 1465 4227 duxllblxtxn
1494 4181 1525 4226 v.
1549 4165 1609 4227 sub
1630 4164 1731 4226 verbo
1752 4163 1916 4228 Americoe

363 4256 449 4334 terae
479 4248 579 4330 Super
606 4253 767 4316 sodilitote
789 4263 821 4317 et
842 4257 1012 4318 ductorem
1038 4259 1111 4340 fidei
1165 4264 1265 4322 contr.

362 4343 868 4412 subscribendaemittunturetc.
882 4349 933 4423 Ν,
947 4350 1021 4427 666,
1039 4354 1110 4416 Ser·
1204 4352 1381 4416 GUlNllhE
1403 4367 1435 4414 r.
1459 4353 1518 4414 sub
1541 4352 1641 4415 verbo
1664 4352 1805 4433 Africae.

362 4445 434 4500 vato
449 4438 482 4499 in
497 4438 614 4502 tuturis
634 4441 844 4504 electionibus
860 4444 931 4506 iure
946 4434 1107 4518 ecclesiae,
1135 4428 1138 4517 f
1205 4446 1457 4510 GYULAENSIS
1489 4447 1692 4524 aliorumque
1724 4448 1915 4510 archidiaco-

362 4529 437 4593 huic
459 4533 642 4609 praeficitur
664 4534 807 4613 Basylius
831 4537 1030 4615 Haractengi
1055 4540 1109 4616 qui
1135 4562 1137 4606 t
1164 4547 1296 4602 natuum
1313 4540 1473 4602 districtus
1488 4541 1525 4602 ad
1538 4540 1852 4619 Armenopolitanam
1866 4558 1915 4604 ec-

363 4624 507 4686 munitur
539 4633 696 4704 potestate
728 4629 917 4706 providendi
947 4632 1110 4695 matrimo·
1164 4633 1294 4696 clesiam
1326 4641 1505 4712 spectantes
1533 4649 1591 4711 pro
1617 4633 1768 4695 llomenis
1797 4642 1857 4696 etc.
1881 4649 1912 4696 r.

362 4718 423 4778 niis
446 4717 579 4783 nulliter
601 4721 780 4794 contractis,
797 4723 983 4787 absolvendi
999 4726 1109 4788 fideles
1169 4726 1432 4806 Troosytuoot'oe.

1112 4961 1164 5042 H

401 5185 625 5252 nxtlutrcrtsl
640 5189 679 5252 de
692 5189 768 5253 eccl.
787 5192 1032 5271 metropolitana
1048 5199 1107 5254 etc.
1136 5199 1138 5279 t
1167 5199 1313 5256 mentum
1336 5193 1594 5258 confirmationis
1615 5193 1801 5258 conterendi
1818 5192 1914 5256 lacul-

361 5299 391 5342 v.
416 5281 636 5362 Leopolicuais.
1136 5290 1138 5379 j
1166 5295 1211 5348 tas
1228 5287 1380 5350 tribuitur
1395 5287 1452 5366 Ep.
1467 5291 1526 5351 etc:
1541 5285 1592 5356 Ν,
1607 5286 1676 5363 6113,
1693 5287 1776 5350 Unio
1791 5286 1914 5349 dioece-

401 5376 606 5440 llhllBUliGl
628 5380 833 5442 constituitur
864 5381 1035 5442 residentia
1058 5379 1109 5441 lli-
1136 5393 1138 5459 5
1166 5381 1249 5441 sium
1262 5379 1357 5443 Uran.
1372 5389 1405 5443 et
1418 5379 1607 5459 Subsylvan.
1621 5381 1759 5443 dioecesi
1775 5379 1915 5442 Basileae

360 5469 435 5530 carii
458 5469 516 5549 hp.
541 5471 732 5534 missionum
754 5473 943 5536 Germaniae
971 5481 1109 5551 septem·
1169 5471 1204 5545 ll,
1218 5474 1268 5550 63,
1285 5474 1444 5538 Universo
1455 5475 1542 5536 clero
1557 5481 1689 5551 questus
1701 5473 1862 5537 Pontificis
1875 5474 1914 5536 de

360 5563 546 5626 trioualium
570 5573 629 5627 etc.
648 5563 684 5638 V,
703 5565 762 5628 666
778 5563 829 5645 (V.
847 5567 942 5628 etiam
958 5566 1107 5646 Doctae).
1166 5576 1327 5631 conventu
1351 5566 1461 5630 Badeo
1482 5585 1498 5630 a
1520 5567 1605 5629 laicis
1628 5567 1746 5638 habito,
1770 5574 1802 5628 et
1826 5581 1915 5628 erro·

401 5657 574 5721 llEBRhEl
595 5674 626 5720 v.
651 5659 852 5723 ludaeorum.
1137 5664 1139 5709 1
1167 5675 1241 5722 rum
1262 5662 1300 5724 ab
1317 5663 1364 5723 his
1382 5663 1414 5724 in
1437 5678 1476 5724 eo
1491 5662 1732 5724 adfirmatorum
1755 5661 1914 5723 damnatio

402 5749 598 5816 1111611111Εὸ
626 5753 750 5816 insulae
781 5753 946 5816 l'ioariatui
973 5754 1031 5832 hp.
1056 5769 1111 5816 no·
1137 5762 1139 5842 1
1171 5753 1205 5826 l,
1224 5755 1300 5830 166,
1324 5755 1620 5818 Excommunicatio
1641 5754 1767 5832 losephi
1788 5753 1826 5814 ll.
1845 5752 1915 5815 Rei-

363 5843 447 5906 viter
468 5847 642 5908 constituto
664 5847 864 5925 assignantur
886 5846 937 5920 Ν,
959 5846 1029 5910 686.
1138 5847 1139 5877 ³
1168 5849 1248 5911 kens
1271 5849 1405 5926 eiusque
1427 5848 1589 5911 lautorum
1612 5847 1684 5921 lll*‚
1706 5847 1916 5924 666661110-

404 5938 632 6002 llELlEllhll
662 5940 824 6004 catholicis
855 5942 986 6004 occultis
1013 5958 1112 6004 sacra·
1138 5977 1140 5996 ι
1168 5942 1220 6004 lici
1233 5957 1344 6005 omnes
1356 5944 1660 6006 commonetluntde
1673 5943 1827 6004 damnatis
1843 5943 1915 6004 hae-

1794 6068 1807 6105 tl
