4836 7002
333 567 383 621 An.
397 563 425 620 C.
440 564 509 620 itio
567 561 624 624 lli

546 703 645 764 olllcia
674 705 878 768 celebrantur
907 703 1068 765 innostra
1096 701 1291 764 Bononiensi

545 796 672 858 civitate
694 814 728 859 ac
743 797 881 861 dioecesi
897 796 948 876 (in
963 795 1100 858 editione
1115 795 1289 865 Patavina,

545 905 615 968 cap.
639 889 712 968 22).
743 890 834 953 Unde
866 889 939 952 satis
969 895 1062 968 patet,
1086 903 1181 966 quam
1211 888 1292 950 iusta

545 982 584 1044 de
606 998 697 1044 causa
719 982 892 1061 praedictas
915 983 1026 1044 missas
1049 999 1113 1044 non
1132 983 1292 1059 aliquibus

546 1075 758 1154 peculiaribus
787 1075 965 1144 defunctis,
994 1076 1048 1137 secl
1081 1075 1229 1138 omnibus
1259 1077 1291 1138 in

544 1168 709 1230 communi
731 1167 877 1232 fidelibus
899 1169 932 1231 in
953 1169 1081 1232 chritso
1106 1169 1292 1232 dormienti-

546 1263 604 1326 bus
625 1261 824 1340 applicamlas
846 1279 916 1324 esse
938 1263 1151 1326 voluerimus.

584 1354 715 1430 «Quam
732 1371 812 1418 vero
828 1355 919 1418 nobis
934 1371 1063 1434 semper
1078 1355 1165 1418 cordi
1181 1355 1290 1430 luerit,

544 1457 601 1522 ut,
635 1449 721 1510 iuxta
749 1465 913 1511 sacrorum
945 1447 1110 1512 Canonum
1140 1449 1292 1528 praescri-

545 1549 647 1622 ptum,
661 1560 676 1603 a
689 1541 904 1604 celebratione
916 1542 1106 1604 sacrosancti
1119 1544 1234 1604 missae
1246 1559 1291 1604 sa-

545 1635 653 1698 crillcii
677 1651 805 1698 omnem
828 1635 976 1698 avaritiae
991 1635 1131 1714 speciem
1147 1652 1292 1698 omnem·

545 1745 608 1806 que
623 1729 742 1792 sordidi
757 1729 900 1808 captandi
916 1727 998 1790 lucri
1010 1735 1211 1807 praetentum
1223 1729 1291 1793 lon·

545 1823 676 1900 gissime
697 1839 891 1894 arceremus,
908 1821 982 1884 satis
1004 1829 1205 1901 compertum
1222 1839 1292 1886 csse

546 1927 694 2000 putamus
716 1932 756 1979 ea
785 1916 852 1988 bis,
885 1932 965 1994 quae
989 1925 1056 1978 tum
1081 1917 1112 1977 in
1138 1917 1291 1996 archiepi-

545 2019 690 2092 scopatus
721 2011 950 2082 Bononiensis,
985 2017 1052 2072 tum
1084 2011 1117 2072 in
1148 2011 1292 2089 supremi

546 2108 745 2186 pontificatus
774 2103 1067 2177 administratione,
1092 2105 1123 2166 in
1148 2105 1232 2166 bunc
1258 2107 1291 2167 ii-

544 2217 619 2264 nem
632 2198 860 2279 praestitimus.
875 2198 1002 2260 Etenim
1015 2199 1100 2260 inter
1109 2195 1292 2260 Pastorales

546 2293 766 2356 institutiones
788 2300 923 2364 nostras,
942 2298 1067 2369 praeter
1091 2307 1165 2364 uvi,
1183 2291 1291 2370 inqua

545 2388 655 2466 plures
671 2385 727 2447 bac
748 2386 787 2447 de
806 2399 841 2446 re
864 2384 1092 2447 ecclesiasticae
1108 2384 1292 2463 disciplinae

546 2481 673 2558 regulas
695 2479 1005 2550 domonstravimus,
1029 2485 1061 2540 et
1082 2478 1215 2541 omniuo
1239 2479 1292 2541 ob-

545 2574 666 2637 servari
690 2573 913 2652 praecipimus,
930 2574 1018 2634 adest
1033 2572 1127 2633 etiam
1151 2589 1242 2645 actu,
1261 2574 1292 2634 in

545 2685 606 2746 qua
627 2667 832 2730 sanctissimis
858 2666 1056 2745 Apostolicae
1084 2666 1179 2729 buius
1203 2665 1293 2729 Sedis

545 2763 682 2825 decretis
713 2761 929 2832 inhaerentes,
963 2773 1091 2838 pravam
1123 2761 1292 2842 quamdam

545 2855 766 2918 damnavimus
788 2853 1068 2927 consuetudinem,
1086 2869 1147 2932 qua
1163 2861 1293 2918 conten-

545 2952 662 3014 debant
690 2949 838 3013 nonnulli
868 2948 991 3011 licitum
1021 2964 1092 3010 esse
1119 2949 1230 3010 missas
1253 2948 1293 3011 ita

545 3046 719 3118 celebrare,
742 3053 779 3105 ut
800 3057 909 3105 earum
933 3041 1074 3104 fructum
1097 3041 1239 3104 medium
1261 3042 1293 3104 in

544 3149 745 3202 antecessum
769 3138 962 3216 applicarent
977 3153 1034 3215 pro
1051 3137 1099 3208 iis,
1116 3137 1171 3213 qui
1186 3143 1294 3216 postea

545 3235 785 3311 eleemosynam
815 3229 979 3294 ollerendo
1001 3229 1087 3293 illius
1116 3229 1295 3308 applicatio·

545 3345 620 3392 nem
642 3331 843 3404 expeterent.
867 3325 954 3387 lnter
975 3331 1100 3387 nostras
1121 3339 1200 3386 vero
1222 3338 1294 3401 apo·

544 3421 669 3484 stolicas
696 3419 941 3483 constitutiones
968 3418 1000 3480 iu
1031 3418 1161 3480 Bullarii
1193 3417 1292 3480 nostri

545 3523 623 3578 tom.
645 3513 667 3576 l.
692 3513 872 3592 impressas,
897 3518 1006 3574 extant
1028 3527 1107 3573 xxti.
1132 3519 1163 3573 et
1185 3527 1291 3578 surra..

545 3609 661 3689 quibus
683 3605 889 3671 severissime
912 3606 1048 3667 vetitum
1072 3621 1128 3683 per
1151 3621 1209 3666 nos
1232 3613 1291 3676 est,

546 3720 586 3764 ne
597 3702 821 3776 eleemosynae
831 3713 889 3776 pro
902 3697 1067 3758 missarum
1079 3697 1293 3759 celebratione

546 3795 739 3873 colligantur
761 3793 793 3854 in
815 3792 851 3853 iis
873 3791 966 3862 locis,
991 3791 1023 3852 in
1053 3791 1169 3868 quibus
1193 3791 1294 3852 maior

545 3897 594 3953 est
609 3903 720 3950 earum
736 3893 805 3948 taxa
819 3884 992 3964 synodalis,
1005 3891 1041 3946 ut
1052 3883 1167 3946 deinde
1181 3884 1293 3947 missae

545 3983 619 4046 alibi
641 3979 848 4044 celebrandae
876 3979 1134 4050 committantur,
1158 3978 1211 4040 ubi
1236 3979 1293 4040 bu-

545 4077 682 4140 iusmodi
707 4083 775 4138 tana
797 4073 829 4134 iu
852 4072 969 4135 minori
987 4072 1163 4150 quantitate
1178 4078 1293 4134 statuta

545 4178 605 4234 est.
633 4169 668 4232 ln
691 4167 866 4231 novissimo
896 4173 1002 4228 autem
1027 4173 1160 4228 tractatu
1184 4173 1293 4228 nostro

545 4265 584 4328 de
614 4262 737 4342 Spnodo
769 4261 982 4328 Bioacesaua,
1012 4259 1067 4322 lib.
1098 4260 1128 4332 il,
1158 4275 1224 4337 cap.
1254 4259 1291 4331 8,

545 4375 635 4422 num.
651 4357 671 4419 9
693 4365 724 4420 et
747 4355 794 4428 ιθ,
812 4355 870 4417 alia
892 4353 1057 4432 complura
1075 4353 1112 4416 ad
1129 4353 1208 4416 lianc
1223 4369 1293 4415 rem

546 4452 736 4534 pertinentia
758 4450 900 4512 studiose
923 4448 1124 4525 collegimus.

585 4547 665 4609 «Ab
689 4546 747 4608 boo
768 4545 875 4622 itaque
900 4543 1026 4606 tramite
1042 4543 1228 4620 neutiquam
1245 4559 1294 4606 re·

545 4641 724 4705 cedendum
747 4639 839 4701 nobis
862 4653 932 4699 esse
947 4637 1132 4710 iudicantes,
1150 4638 1293 4700 decrevi·

546 4753 617 4798 mus
639 4750 734 4812 supra
755 4741 851 4809 atque
872 4731 1051 4803 statuimus,
1076 4740 1111 4792 ut
1133 4747 1189 4809 pro
1212 4731 1293 4794 cele·

546 4829 691 4891 bratione
722 4833 775 4888 aut
799 4825 1008 4904 applicatione
1033 4823 1201 4885 missarum
1234 4824 1294 4888 boc

546 4931 655 4985 nostro
671 4920 797 4982 indulto
812 4933 1043 4990 concessarum,
1061 4916 1188 4979 nullum
1204 4933 1294 4996 pror-

545 5031 598 5078 sus
621 5015 817 5093 stipendium
837 5027 1042 5090 quocumque
1058 5018 1225 5091 praetextu
1241 5019 1295 5074 aut

546 5109 653 5172 colore
685 5106 781 5184 accipi
814 5106 934 5180 valeat3
969 5105 1052 5183 quod
1087 5111 1123 5167 ut
1153 5122 1169 5166 a
1202 5106 1292 5167 nobis

546 5202 577 5264 in
601 5201 760 5280 praesenti
788 5217 861 5262 casu
884 5201 1126 5273 decerneretur,
1149 5199 1293 5278 specialis

545 5297 700 5374 quaedam
713 5301 746 5357 et
757 5310 879 5372 urgens
892 5293 970 5355 ratio
982 5309 1039 5356 nos
1051 5293 1190 5372 impulit,
1205 5309 1293 5372 prae-

547 5397 595 5452 ter
617 5389 785 5467 generales
807 5389 911 5460 hasce,
936 5403 1012 5465 quas
1037 5387 1129 5465 paulo
1151 5394 1225 5450 ante
1246 5389 1292 5450 in·

545 5483 731 5546 dicavimus.
749 5483 954 5560 Perspectum
979 5489 1026 5544 est
1041 5481 1127 5543 enim
1144 5481 1293 5543 omnibus

544 5579 577 5640 in
593 5577 802 5640 ecclesiastica
818 5576 949 5637 historia
965 5575 1095 5653 paulum
1112 5575 1207 5638 modo
1223 5590 1293 5636 ver-

545 5672 630 5742 satis,
655 5671 763 5750 plures
785 5671 861 5733 olim
884 5669 982 5734 luisse
1005 5669 1072 5731 dies
1091 5668 1293 5748 polyliturgi-

546 5782 614 5838 cos,
638 5765 754 5842 quibus
782 5763 937 5827 nimirum
966 5763 1086 5840 singuli
1112 5763 1293 5825 sacerdotes

547 5859 617 5937 plus
639 5873 732 5934 quam
750 5857 851 5920 semel
868 5857 1038 5919 missarum
1054 5857 1204 5919 sacrificia
1223 5871 1293 5933 per-

545 5950 691 6029 agebant,
707 5958 744 6012 ut
765 5957 832 6013 erat
854 5957 981 6030 praeter
994 5950 1137 6014 Natalem
1153 5949 1291 6025 Bomiui,

1065 581 1130 627 luti.
1155 581 1247 627 bour.
1271 583 1311 628 bs
1333 583 1363 628 1³.
1387 583 1417 628 F.
1441 582 1525 627 PARS
1546 583 1568 627 l.

1348 701 1448 779 prima
1478 702 1546 764 (lies
1568 703 1689 764 mensis
1718 701 1872 774 ianuarii,
1902 699 1980 763 ieris
2003 699 2041 762 v.
2065 699 2096 762 in

1347 795 1452 858 Coena
1479 796 1623 866 Domini,
1651 797 1761 873 vigilia
1787 794 2006 866 detensionis,
2032 801 2096 855 tros

1347 889 1414 950 dies
1427 889 1538 951 ieiunii
1554 889 1636 951 inira
1652 895 1794 952 octavam
1807 889 2021 959 Pentecostes‚
2031 886 2097 950 alii-

1347 997 1410 1060 que
1421 981 1488 1045 dies
1502 981 1572 1044 testi
1583 981 1816 1044 nonnullorum
1828 980 2018 1044 Sanctorum
2031 995 2096 1042 me-

1348 1077 1468 1140 moriae
1490 1077 1594 1149 dicati,
1615 1085 1650 1138 ut
1670 1075 1823 1139 Nativitas
1846 1074 1949 1138 Sancti
1972 1073 2096 1136 loannis

1347 1169 1503 1248 Baptistae
1519 1177 1551 1232 et
1566 1168 1749 1232 Natalitium
1762 1167 1950 1230 Sanctorum
1964 1167 2097 1246 Aposto-

1348 1263 1454 1326 lorum
1477 1263 1561 1324 Petri
1584 1269 1616 1325 et
1637 1261 1735 1335 Pauli,
1761 1261 1799 1324 de
1822 1261 1939 1339 quibus
1961 1261 2096 1338 nosipsi

1348 1361 1556 1418 monumenta
1573 1355 1766 1434 protulimus
1783 1355 1815 1416 in
1831 1369 1928 1432 opere
1944 1353 1980 1415 de
1995 1353 2097 1416 Baetis

1349 1449 1385 1511 B.
1409 1449 1519 1512 Nostri
1542 1449 1611 1511 lesu
1636 1447 1766 1518 Christi,
1783 1454 1863 1526 part.
1882 1447 1918 1521 l.,
1936 1463 2006 1525 pag.
2024 1447 2093 1508 Bit.

1387 1542 1461 1606 «Ut
1481 1549 1586 1604 autem
1612 1541 1797 1605 huiusmodi
1823 1542 2022 1604 consuetudo
2044 1557 2097 1618 ge·

1348 1637 1501 1700 neraliter
1524 1635 1704 1710 tolleretur,
1722 1641 1755 1698 et
1769 1635 1899 1699 iacultas
1915 1634 2096 1697 celebrandi

1349 1731 1456 1809 plures
1485 1729 1596 1791 missas
1625 1745 1691 1792 uno
1721 1729 1790 1802 die,
1813 1731 1850 1792 ad
1883 1729 1993 1816 solum·
2011 1728 2095 1791 diem

1349 1824 1464 1887 Natalis
1487 1823 1624 1895 Domini,
1642 1830 1868 1896 coarctaretur,
1892 1839 1956 1886 non
1977 1818 2037 1885 alia
2058 1823 2097 1886 de

1347 1933 1438 1980 causa
1471 1917 1586 1979 lactum
1617 1923 1683 1988 est,
1709 1932 1802 1994 quam
1831 1923 1867 1978 ut
1895 1915 2045 1978 avaritiae
2067 1925 2099 1978 et

1347 2012 1482 2075 sordidis
1515 2011 1699 2090 quaestibus
1731 2012 1928 2074 adimeretur
1960 2011 2096 2084 occasio,

1349 2107 1400 2170 vel
1421 2107 1534 2168 saltem
1564 2105 1822 2168 oblocutionibus
1853 2105 2018 2167 silentium
2041 2105 2099 2167 im-

1350 2207 1539 2280 poneretur;
1563 2216 1643 2278 quae
1671 2199 1793 2261 scilicet
1821 2214 1861 2260 en
1883 2199 2098 2278 eleemosynis

1350 2311 1406 2373 pro
1439 2295 1607 2356 missarum
1635 2307 1772 2354 numero
1802 2291 2019 2370 multiplicatis
2046 2299 2101 2354 aut

1348 2395 1456 2451 ortum
1479 2387 1657 2450 habuerant
1670 2393 1724 2448 aut
1739 2385 1815 2448 oriri
1832 2400 1927 2464 posse
1948 2385 2099 2448 videban-

1350 2490 1411 2544 tur.
1446 2482 1536 2544 Hunc
1568 2497 1637 2542 esse
1669 2479 1836 2558 proprium
1867 2495 2000 2541 sensum
2029 2495 2096 2541 can.

1348 2573 1480 2656 Sufficit,
1504 2573 1540 2636 de
1566 2573 1708 2636 Cossseer.
1727 2572 1800 2634 dist.
1819 2570 1858 2642 l..
1883 2571 1943 2634 iam
1967 2572 2099 2634 demon-

1348 2677 1483 2732 stratum
1508 2684 1563 2746 per
1592 2683 1649 2729 nos
1671 2674 1718 2729 est
1741 2665 1773 2728 in
1795 2664 1910 2727 litteris
1942 2665 1979 2726 ad
2001 2679 2085 2727 vene

1349 2763 1482 2826 rabilem
1498 2763 1631 2824 iratrem
1654 2761 1846 2840 Episcopum
1862 2758 2033 2822 Oscensem
2049 2761 2099 2821 da-

1349 2859 1434 2933 tisg
1458 2856 1601 2936 Eucepta
1618 2861 1647 2916 et
1662 2851 1872 2933 seq-uentibus.
1899 2853 1973 2914 ldeo
1991 2860 2098 2916 autem

1348 2951 1463 3030 scripta
1496 2958 1602 3012 nostra
1633 2949 1665 3010 in
1699 2949 1758 3011 bric
1789 2949 1919 3010 decreto
1949 2945 2099 3025 irequen-

1350 3053 1399 3108 ter
1421 3045 1453 3107 in
1476 3043 1618 3106 medium
1643 3041 1848 3121 protulimus,
1870 3057 1911 3103 ne
1934 3055 2015 3118 quae
2036 3040 2098 3101 iam

1349 3139 1423 3202 alibi
1445 3138 1574 3200 anobis
1596 3138 1677 3200 dicta
1697 3144 1783 3208 sunt,
1798 3135 1848 3197 bic
1871 3136 1978 3198 denuo
2000 3135 2099 3213 expli·

1349 3249 1431 3306 care,
1456 3240 1488 3296 et
1510 3244 1591 3310 quae
1613 3231 1687 3294 alibi
1709 3229 2018 3300 demonstravimus,
2042 3229 2099 3291 ite·

1349 3343 1422 3390 rum
1452 3325 1627 3389 rationibus
1654 3324 1863 3402 comprobare
1891 3337 2096 3400 cogeremur.

1348 3421 1381 3484 ld
1407 3437 1504 3492 vero,
1534 3419 1619 3497 quod
1648 3433 1743 3498 supra
1775 3417 1959 3496 posuimus,
1982 3433 1999 3478 a
2021 3416 2098 3478 duo-

1349 3515 1408 3578 bus
1432 3520 1596 3593 praeterea
1624 3509 1834 3589 scriptoribus
1856 3510 1889 3571 in
1911 3509 2099 3572 ecclesiasti-

1349 3609 1392 3670 cis
1414 3608 1511 3670 rebus
1533 3604 1676 3683 apprime
1691 3603 1827 3665 versatis
1849 3602 2014 3664 asseritur.
2038 3602 2098 3664 Eo-

1349 3717 1422 3763 rum
1451 3700 1531 3762 alter
1554 3706 1601 3760 est
1630 3697 1860 3760 Thomassinus
1888 3697 1920 3758 in
1943 3712 2040 3775 opere
2063 3695 2099 3757 de

1348 3793 1446 3856 ceteri
1467 3800 1497 3854 et
1519 3809 1603 3855 nova
1629 3790 1785 3853 Ecclesiae
1812 3789 1996 3872 disciplina,
2020 3805 2049 3866 p.
2066 3789 2096 3858 3,

1348 3889 1403 3951 lib.
1423 3889 1458 3958 l.,
1484 3904 1549 3966 cap.
1568 3887 1617 3958 lt,
1639 3901 1729 3947 num.
1745 3883 1775 3957 li,
1803 3885 1858 3948 ubi
1881 3891 1952 3963 post
1972 3885 2097 3947 allatam

1348 3983 1611 4045 constitutionem
1637 3979 1754 4042 Odouis
1776 3979 1921 4058 Episcopi
1944 3977 2098 4042 Parisien-

1348 4077 1402 4147 sis,
1416 4075 1580 4137 videlicet:
1596 4071 1713 4136 liutius
1725 4070 1772 4134 bis
1787 4072 1822 4135 in
1834 4071 1884 4133 dis
1895 4071 2025 4134 missam
2041 4088 2097 4135 au-

1349 4173 1422 4234 deat
1442 4167 1611 4238 celebrare,
1634 4173 1693 4231 aut
1713 4183 1785 4230 cum
1807 4165 1927 4245 duplici
1948 4165 2097 4236 introitu,

1349 4265 1414 4328 nisi
1434 4263 1469 4326 in
1491 4279 1611 4343 mapsa
1637 4261 1840 4330 necessitate,
1871 4260 1948 4322 baec
1972 4260 2094 4322 subdit:

1352 4358 1429 4422 Cura
1449 4358 1588 4438 pecunia
1609 4361 1687 4418 tuna
1708 4355 1941 4435 utplurimum
1961 4355 2003 4417 ad
2024 4355 2098 4418 mis·

1348 4469 1417 4516 sam
1439 4451 1620 4531 offerretur,
1643 4449 1719 4512 bine
1741 4447 1901 4512 auaritiae
1922 4447 2036 4528 species
2052 4450 2098 4512 uei

1348 4545 1485 4626 suspicio
1508 4543 1663 4622 qutaedarn
1677 4542 1845 4606 iterationi
1859 4541 2033 4605 missarum
2049 4542 2097 4616 al·

1348 4637 1545 4720 tricabatur.
1576 4637 1665 4700 liter
1688 4646 1735 4700 est
1758 4634 1944 4698 vicecomes
1975 4635 2008 4697 in
2037 4642 2097 4696 tra·

1349 4741 1433 4796 statu
1463 4731 1500 4794 de
1522 4731 1664 4809 antiquis
1692 4730 1807 4793 missae
1827 4727 1963 4798 ritibus,
1987 4729 2042 4792 lib.
2066 4730 2096 4802 3,

1349 4844 1415 4906 cap.
1438 4825 1493 4899 28,
1524 4825 1605 4886 circa
1632 4825 1709 4896 lin,
1740 4824 1794 4886 ubi
1824 4829 1992 4901 postquam
2018 4823 2097 4885 auti·

1349 4935 1444 4998 quam
1467 4918 1616 4997 exposuit
1644 4916 1860 4996 disciplinam,
1884 4931 1946 4994 qua
1968 4917 2098 4994 permit-

1351 5014 1476 5076 tebatur
1491 5012 1647 5074 sacerdoti
1663 5011 1772 5089 plures
1785 5011 1896 5072 missas
1909 5010 1940 5072 in
1953 5010 2004 5072 die
2016 5010 2098 5071 cele·

1351 5107 1454 5178 brare,
1472 5108 1511 5169 de
1533 5105 1633 5184 ipsius
1653 5103 1837 5182 disciplinae
1853 5105 2031 5165 mutatione
2045 5103 2099 5164 de·

1350 5201 1424 5264 inde
1446 5201 1489 5262 sic
1511 5199 1568 5260 ait:
1591 5197 1816 5279 derogationis
1832 5202 1939 5260 autem
1953 5211 2096 5266 causam,

1349 5300 1506 5373 quantum
1522 5291 1662 5371 equidem
1679 5291 1827 5354 diuinare
1836 5307 1975 5372 possunt,
1989 5289 2100 5352 dedara

1350 5387 1584 5450 nundinatores
1600 5385 1741 5464 quidam,
1758 5383 1812 5464 qui
1825 5383 1960 5447 maioris
1969 5383 2100 5462 pietatis

1349 5481 1519 5545 materiam
1535 5479 1576 5543 ad
1592 5483 1683 5559 turpe
1697 5479 1824 5541 tucrum
1836 5477 2021 5555 detorquere
2035 5493 2100 5538 non

1348 5581 1424 5637 sunt
1445 5573 1552 5644 ceriti,
1569 5579 1598 5634 et
1619 5572 1765 5652 [acuunt
1786 5577 1823 5632 ut
1843 5567 1974 5634 libertas
1992 5569 2100 5650 prisca

1348 5669 1459 5732 suitam
1482 5666 1565 5728 ltisee
1593 5663 1776 5746 ropionibus
1797 5669 1907 5744 erepta
1927 5663 1970 5725 sit
1992 5681 2030 5726 ac
2051 5663 2100 5726 de-

1347 5763 1449 5825 sierit.

1388 5874 1406 5914 s
1422 5853 1454 5917 Si
1469 5854 1570 5932 igitur
1586 5853 1804 5930 multiplicitas
1820 5851 2001 5924 missarum,
2019 5867 2100 5928 quae

1349 5948 1566 6012 sacerdotibus
1599 5947 1676 6010 olim
1711 5945 1857 6024 pluribus
1890 5961 1947 6025 per
1979 5961 2098 6008 anuum

2136 561 2187 616 Ab.
2201 561 2228 616 C.
2244 558 2323 616 l7b8
