1406 1910
151 216 173 229 An,
179 215 193 229 (Ζ.
200 216 235 230 {⁷⁴6

554 222 654 234 esuriturus
664 222 689 234 rt*-
702 222 734 234 nr.

336 256 459 274 scutulatus
471 257 500 274 ΡΡ.
512 257 548 274 xw.

324 297 342 314 sd
353 297 419 314 iuturntn
430 298 452 314 rei
465 298 558 315 memoriam.

273 344 350 363 Quoniam
367 345 387 361 de
405 345 503 361 exercitibus
519 345 596 361 carissimi
611 345 627 361 in

253 367 318 384 Christo
332 368 360 384 tilii
375 369 427 384 nostri
441 369 493 385 Caroli
508 368 626 387 Emmanuelis.

254 391 335 407 Sardiniae
346 392 389 411 regis
397 392 469 410 illustris.
478 392 528 408 multa
536 396 583 412 saepe
591 397 627 408 con-

254 415 317 434 tingere
328 417 401 435 possunt.
413 416 429 431 in
440 416 498 435 quibus
510 420 539 436 pru
550 418 593 431 reeta
601 415 627 431 Sa-

253 441 372 454 cramentorum
386 439 523 455 administratione
534 439 627 459 salubrique

253 461 341 477 directione
357 464 374 478 et
391 466 429 478 cura
444 463 534 478 animarum
551 463 626 481 illorum.

253 485 281 504 qui
292 485 308 500 in
322 486 378 501 castris
389 486 451 505 degunt
461 488 478 502 et
489 488 583 504 versantur.
597 490 627 502 nec

253 512 286 524 non
298 512 326 528 pro
337 509 454 528 cognoscendis
461 511 477 525 et
484 509 577 525 decidendis
584 510 627 525 inter

254 536 281 548 eos
292 532 343 548 causis
354 534 371 548 et
380 533 496 549 controversiis
507 533 525 549 ad
537 533 590 549 rurum
602 537 626 549 ec-

253 555 359 571 clesiasticum
374 556 501 576 pcrtinentibus.
517 560 566 576 opera
577 559 593 572 et
604 557 627 572 in*

253 579 314 595 dustria
330 579 377 595 unius
391 584 420 596 seu
435 580 506 599 plurium
521 584 626 599 personarum

253 602 395 619 ecclesiasticarum
406 607 447 623 opus
457 603 482 621 sit.
491 606 576 623 propterea
583 604 626 623 quod

253 630 285 642 non
293 626 338 642 tacite
343 627 361 642 ad
369 627 441 646 proprios
448 627 525 646 parochos
531 629 547 643 et
554 627 626 643 locorum

252 650 343 666 ordinarios
354 652 381 666 aut
391 650 409 666 ad
423 654 453 666 nos
463 652 480 666 et
490 650 548 666 Sedent
560 651 626 670 Aposto-

253 674 297 689 licam
306 677 381 689 recursus
389 674 445 689 haberi
452 676 513 693 potest3
524 674 583 690 idcirco
591 678 625 692 nos.

252 697 394 717 supplicationibus
401 697 450 717 ipsius
456 697 508 713 Caroli
516 697 626 713 Emmanuelis

253 720 295 740 regis
306 720 372 736 nomine
383 720 429 736 nohis
440 725 490 740 super
501 721 531 736 huc
542 721 626 737 humiliter

253 744 330 763 porrectis
344 744 424 762 inclinati.
436 744 528 764 cappellano
543 745 599 760 maiori
610 749 626 760 e-

253 767 343 783 xercituum
358 767 456 785 huiusmodi.
467 768 486 783 ali
501 768 558 783 eodem
569 768 626 784 Carolo

252 790 357 806 Emmanuele
368 794 408 810 rege
419 795 448 810 pro
459 792 533 811 tempure
544 791 625 811 deputato.

252 814 359 834 inirascriptas
374 814 456 830 facultates
470 819 499 834 per
511 819 528 830 se
539 815 566 830 vel
576 815 625 830 aliurn

251 841 280 853 seu
289 837 329 853 alios
335 838 426 853 sacerdotes
434 838 493 857 probos
500 840 516 854 et
524 838 590 854 idoneos
598 842 626 858 per

252 861 304 881 ipsum
315 861 426 881 mppellauum
437 861 520 879 maiorem.
530 862 594 881 praevio
604 862 626 878 di-

252 884 307 903 ligenti
319 889 336 900 nc
346 884 421 904 rigoroso
432 885 512 903 examine.
524 888 598 904 repertos
609 890 626 901 ac

251 908 345 927 approbatos
351 908 436 928 (quatenus
442 908 473 924 iam
479 909 498 924 ab
504 908 558 928 aliquo
563 913 593 924 suo
598 909 626 925 Or-

251 931 313 947 dinario
320 932 402 951 approbati
410 936 442 947 non
450 932 511 951 esseut)
518 934 535 948 et
541 933 561 948 ab
568 933 625 949 eodem

251 955 343 975 cappellsno
357 955 418 971 maiore
433 956 570 975 subdelegaudos.
588 961 625 976 erga

252 979 310 995 milites
321 979 392 999 aliasque
401 980 485 999 utriusque
493 983 541 995 sexus
549 984 626 999 personas

251 1002 269 1018 ad
280 1002 330 1018 dictos
344 1003 431 1021 exercitus,
443 1003 564 1023 comprehensis
578 1004 625 1019 etiam

250 1026 300 1045 copiis
307 1026 417 1044 auxiliaribus.
426 1026 548 1046 quomodolibet
554 1029 626 1047 spectan-

252 1051 280 1067 tes.
292 1051 354 1065 tantum
364 1050 468 1068 exercendas,
477 1050 552 1066 videlicet
559 1050 626 1066 admini-

250 1073 310 1089 strandi
318 1073 372 1089 omnia
377 1073 457 1089 Ecclesiae
464 1073 571 1092 Sacramenta,
578 1074 624 1090 etiam

251 1101 274 1115 ea.
283 1101 324 1116 quae
334 1097 398 1113 nonnisi
409 1101 438 1116 per
449 1097 564 1116 parochialium
575 1098 625 1113 eccle-

250 1121 310 1136 siarum
320 1122 392 1136 rectores
403 1120 491 1136 ministrari
498 1124 625 1139 consueverunt.

251 1146 314 1164 praeter
322 1143 465 1159 Conflrmationern
475 1146 491 1159 et
498 1143 580 1162 Ordinem.
589 1145 625 1160 reli-

251 1171 322 1187 quasque
333 1167 423 1183 iunctiones
435 1169 451 1183 et
465 1167 519 1183 munia
530 1168 625 1187 parochialia

251 1191 329 1209 obeundi3
337 1190 431 1206 absolvendi
438 1190 457 1206 ab
465 1191 533 1208 haeresi.
540 1191 559 1206 ab
565 1193 625 1211 aposta-

251 1214 273 1229 sia
282 1219 290 1229 a
297 1214 335 1232 fide,
343 1216 360 1229 et
370 1214 456 1230 schismate
463 1214 480 1229 in
488 1214 576 1230 ditionibus
583 1215 626 1231 dicto

250 1237 307 1254 Carolo
312 1238 414 1253 Emmanueli
421 1238 456 1257 regi
462 1238 543 1256 subiectis.
551 1238 591 1254 intra
598 1238 625 1254 lta-

251 1262 288 1277 liam
299 1261 364 1281 quidem
376 1261 412 1277 illos
420 1263 488 1279 tantum.
497 1262 524 1281 qui
533 1262 548 1277 in
557 1262 579 1277 eis
587 1262 625 1278 locis

250 1285 278 1300 ubi
289 1285 359 1300 haeresis
371 1284 437 1304 impune
451 1287 533 1304 grassatur
544 1285 576 1300 nati
587 1285 624 1303 sint.

250 1312 280 1324 nec
289 1312 360 1328 unquam
368 1312 433 1324 errores
440 1308 536 1324 iudicialiter
543 1308 625 1324 abiurave-

250 1332 288 1350 rint.
295 1332 321 1347 vel
330 1331 346 1347 S.
351 1332 369 1347 R.
375 1332 392 1347 E.
399 1332 497 1347 reconciliati
504 1331 572 1351 tuerint;
580 1334 626 1347 extra

250 1355 310 1371 ltaliam
321 1359 361 1371 vero
372 1357 388 1371 ei
398 1355 467 1371 ditiones
480 1355 567 1375 praedictas
578 1359 625 1375 quos-

250 1382 320 1398 cumque
331 1379 378 1394 etiam
387 1378 508 1396 ecclesiasticus·
517 1380 548 1394 tam
557 1379 625 1394 saecula-

250 1406 276 1418 res
283 1406 331 1421 qnam
339 1402 429 1421 regulares.
436 1402 492 1417 eadem
500 1404 550 1418 castra
557 1406 625 1421 sequen-

251 1428 279 1444 tes.
292 1430 324 1441 non
335 1428 389 1441 tamen
400 1430 434 1443 eoS.
442 1425 470 1445 qni
478 1429 498 1441 ex
506 1425 537 1441 illis
545 1425 584 1441 locis
591 1425 625 1441 iue-

250 1449 288 1467 rint,
297 1449 313 1464 in
321 1449 379 1468 quibus
386 1449 432 1468 viget
439 1449 508 1464 officiunt
517 1449 625 1468 inquisitionis

249 1472 327 1488 adversus
335 1472 431 1488 haereticam
439 1472 539 1492 pravitatem.
548 1472 578 1488 nisi
586 1472 625 1488 inibi

249 1495 357 1515 deliquerint.
373 1495 400 1511 ubi
415 1495 486 1511 haeresis
501 1495 568 1515 impune
582 1499 625 1515 gras-

249 1521 300 1537 satur.
312 1522 365 1538 neque
376 1519 424 1534 etiam
435 1518 477 1536 illos.
489 1519 516 1538 qui
526 1523 591 1534 errores
602 1519 625 1534 iu-

249 1542 328 1558 dicialiter
338 1542 453 1560 abiurnverint.
468 1542 498 1557 nisi
510 1542 535 1558 isti
546 1542 579 1558 nati
593 1542 625 1558 sint

248 1565 277 1581 ubi
292 1565 367 1581 similiter
378 1567 460 1585 grassatur
471 1565 550 1583 haeresis.
562 1567 579 1581 et
590 1568 625 1585 post

657 252 747 268 iudicialem
761 252 878 268 abiurationem
889 252 928 268 illuc
942 253 1004 268 reversi
1016 253 1032 268 in

657 275 736 291 haeresim
751 275 812 291 ruerint
823 276 889 296 relapsi.
902 278 918 292 et
928 276 958 291 hos
969 276 985 291 in
996 276 1032 292 foro

656 299 763 315 conscientiae
769 299 858 318 dnmtaxat3
867 299 960 315 absolvendi
966 303 1032 319 quoque

656 326 664 337 a
678 322 762 342 quibusvis
772 323 865 338 excessibus
879 325 895 338 et
909 322 971 338 delictis
982 326 1032 342 qnan-

656 348 761 365 tumcumque
769 346 845 365 gravibus
853 348 869 362 et
876 346 976 364 enormibus.
983 346 1031 361 etiarn

655 369 672 385 in
682 369 744 385 casibus
756 369 802 385 nobis
813 371 829 385 et
840 369 893 385 eidem
904 369 941 385 Sedi
953 369 1032 389 Apostoli-

655 397 681 408 cae
689 393 780 412 specialiter
787 393 879 411 reservatis,
886 397 903 409 ac
910 393 958 409 etiem
966 395 1032 409 conten-

656 416 674 431 tis
682 416 698 431 in
707 416 758 432 literis
767 416 793 432 die
801 416 865 432 Coenae
873 416 936 432 Domini
946 416 1032 436 quotannis

655 439 687 458 logi
698 439 757 458 solltis3
769 439 850 455 retinendi
861 440 877 455 in
888 440 976 456 ditionibus
987 444 1031 460 prae-

654 463 700 478 dictis
711 462 819 480 solummodo.
828 465 844 478 et
854 463 919 482 legendi
928 463 968 483 (non
979 465 1031 479 tamen

654 486 688 502 aliis
699 486 770 502 similem
781 486 862 502 licentiam
869 486 975 506 concedendi)
982 486 1032 502 libros

655 509 744 529 prohibitos
753 510 871 525 haereticorum
880 509 906 525 vel
914 510 1003 526 infidelium
1012 510 1032 526 de

654 537 712 549 eornm
723 533 803 552 religione
814 535 906 551 tractantes.
915 535 931 549 et
938 533 976 549 alios
984 537 1032 553 quos-

654 560 724 576 cumque
735 556 753 572 ad
765 556 839 572 effectum
851 561 879 572 eos
890 557 1003 576 impugnandi.
1015 559 1032 573 et

655 580 743 595 haereticos
758 584 786 596 seu
802 580 876 596 infideles
890 580 906 595 in
920 580 976 596 castris
990 580 1032 596 torte

654 603 741 622 degentes.
756 603 775 619 ad
787 603 893 619 orthodoxam
904 603 952 619 tidem
964 608 1031 619 conver-

655 627 704 644 tendi.
713 627 784 646 exceptis
794 628 848 642 tamen
856 626 932 646 operibus
939 627 992 643 Caroli
1000 627 1031 643 Μο-

654 650 701 668 linei.
717 650 776 666 Nicolai
791 650 908 669 Maechiavetli,
924 652 939 666 et
950 650 1001 666 libros
1011 651 1031 667 de

653 673 739 693 astrologia
755 674 836 689 iudiciaria
852 674 962 692 tractantibus.
976 678 993 690 nc
1004 674 1030 692 ita.

654 699 672 713 ut
682 697 719 714 dicti
730 697 766 713 libri
783 697 859 717 prohibiti
873 701 893 712 ex
908 697 1003 717 provinciis,
1015 698 1031 713 in

653 721 712 741 quihus
720 721 794 736 haereses
802 721 869 740 impune
878 722 976 740 grassantur.
985 721 1032 736 mini-

654 749 680 760 me
686 745 780 763 efferantur·y
786 744 878 760 celebrandi
885 744 948 760 missam
956 748 986 760 una
993 744 1031 760 hom

653 770 690 784 ante
700 772 775 783 auroram
787 769 803 783 et
813 767 843 783 alia
856 769 891 787 post
905 768 996 786 meridiem.
1008 770 1030 786 et.

653 792 666 807 si
677 793 724 811 cogat
734 791 826 809 necessitas.
835 791 883 807 etiam
894 793 939 807 extra
947 791 1030 807 ecclesiam

654 815 669 831 in
684 818 787 834 quocumque
802 814 838 830 loco
850 815 922 833 decenti.
938 815 986 830 etiam
1001 815 1031 831 sub

653 839 680 854 <lio
694 838 719 854 vel
730 838 760 854 sub
771 840 820 856 terra.
832 840 854 856 et.
867 838 911 857 gravi
927 839 994 854 omnino
1005 843 1031 854 ur-

654 864 702 882 gente
714 862 814 879 necessitate.
823 862 871 877 etiam
882 861 906 877 bis
917 862 933 877 in
945 862 971 877 die
981 862 1001 882 (si
1009 864 1031 878 ta-

654 890 691 901 men
702 886 718 901 in
726 885 776 905 priori
784 885 832 900 missa
839 885 938 901 ablutionem
947 889 980 901 non
987 890 1031 901 sum-

653 909 693 925 serit
705 913 722 924 ac
733 908 797 924 ieiunus
812 908 876 928 tuerit).
894 912 924 924 nec
938 913 971 924 non
981 913 1031 928 super

653 932 698 948 altari
714 932 794 952 portatili.
808 932 856 947 etiam
873 936 905 947 non
921 932 986 951 integro
1002 936 1030 948 seu

653 956 725 972 diffracto
735 958 763 971 aut
774 956 817 971 laeso
828 957 844 971 et
854 956 890 971 sine
900 957 993 971 sanctorum
1006 960 1031 972 re-

654 980 715 1000 liquiis.
734 984 751 995 ac
767 980 842 997 demum,
860 979 873 994 si
889 979 936 995 aliter
952 979 1031 995 celebrari

654 1008 686 1019 non
697 1003 753 1023 possit.
765 1005 781 1018 et
791 1002 832 1018 absit
843 1002 933 1022 periculum
944 1003 1030 1023 sacrilegii.

652 1027 724 1043 scandali>
732 1028 749 1042 et
759 1026 884 1044 irreverentiae.
896 1026 944 1041 etiam
956 1030 1031 1046 praesen-

653 1050 696 1066 tibus
708 1049 791 1065 haereticis
802 1049 870 1068 aliisque
881 1050 1030 1068 excommunicatis.

653 1073 742 1089 dnmmodo
752 1073 844 1089 inserviens
856 1073 912 1089 Missae
923 1077 955 1089 non
965 1073 986 1089 sit
993 1073 1030 1089 hae-

653 1097 713 1113 reticus
725 1097 751 1112 vel
762 1096 919 1115 excommunicatus3
931 1097 1030 1112 concedendi

654 1120 705 1140 primo
716 1120 799 1136 conversis
810 1120 829 1135 ab
839 1120 901 1135 haeresi
910 1120 936 1136 vel
943 1120 1030 1136 schismate

653 1144 741 1164 plenariam
748 1155 752 1161 .
772 1143 807 1159 atiis
825 1143 881 1159 itidem
900 1143 1030 1163 quibuscumque

653 1168 739 1187 utriusque
753 1171 801 1182 sexus
812 1167 945 1182 christifidelibus
955 1167 974 1183 ad
986 1171 1030 1187 prse-

653 1191 703 1206 dictos
714 1190 795 1206 exercitus
806 1190 925 1210 pertinentibus
936 1190 952 1206 in
962 1191 1030 1207 articulo

654 1214 710 1230 mortis
721 1214 777 1230 saltem
792 1214 873 1231 conti-itis.
886 1214 898 1229 si
909 1214 983 1230 confiteri
998 1219 1030 1230 non

653 1239 738 1258 poterunt.
750 1241 780 1253 nec
791 1241 824 1252 non
835 1237 851 1253 in
862 1237 951 1253 Nativitatis
966 1237 1029 1253 Domini

653 1261 706 1277 Nostri
716 1261 751 1276 lesu
759 1260 824 1278 Christi.
833 1260 912 1276 Paschstis
921 1261 1030 1277 Resurrectio-

653 1285 677 1300 nis
685 1286 702 1300 et
707 1283 825 1303 Assumptionis
832 1283 888 1299 Boutae
895 1283 952 1299 Mariae
958 1284 1030 1304 Virginis

652 1308 765 1324 immaculatae
776 1307 820 1323 iestis
828 1307 891 1325 diebus.
900 1311 939 1323 vere
946 1308 1030 1327 poeniten-

653 1331 695 1347 tibus
706 1333 722 1347 et
729 1331 806 1346 coniessis
814 1335 831 1346 ac
838 1330 854 1346 S.
862 1330 981 1346 Communione
989 1331 1030 1347 rese-

653 1355 691 1372 ctis,
703 1354 778 1370 similiter
790 1354 878 1374 plenariam
891 1354 964 1369 omniurn
976 1358 1030 1374 pecca-

653 1380 707 1394 torum
718 1382 785 1393 suorum
797 1377 914 1397 indulgentiam
923 1379 939 1393 et
949 1378 1030 1393 remissio-

652 1405 700 1420 nem;
714 1401 782 1420 singulis
795 1402 848 1416 autern
866 1401 949 1417 dominicis
964 1403 981 1417 et
995 1401 1030 1417 aliis

653 1424 713 1440 (estivis
725 1424 781 1440 diebus
789 1424 809 1439 de
818 1426 903 1444 praecepto
914 1424 996 1440 relaxandi
1004 1425 1028 1443 iis.

652 1448 679 1467 qui
688 1448 722 1463 eius
730 1447 834 1463 cone-ionibus
839 1447 964 1466 intervenerint.
973 1448 1029 1464 decem

652 1475 702 1487 annos
713 1471 733 1487 de
744 1471 820 1486 iniunctis
831 1470 862 1486 illis
873 1475 901 1486 seu
912 1471 949 1487 alies
962 1475 1029 1491 quomo-

653 1495 713 1510 dolibet
721 1495 778 1510 debitis
784 1494 888 1514 poenitentiis
896 1494 969 1510 informa
976 1494 1030 1510 Eccle-

652 1518 684 1534 siae
692 1520 774 1535 consueta.
781 1518 878 1538 easdemque
884 1518 993 1537 indulgentias
999 1518 1029 1534 sibi

652 1542 725 1557 lucrandi
732 1541 801 1561 singulis
809 1542 884 1557 secundis
891 1541 935 1557 feriis
944 1541 1029 1557 cuiuslibet

652 1565 762 1581 hebdomadae
773 1565 824 1581 officio
832 1568 894 1580 novum
902 1565 989 1580 lectionum
995 1569 1028 1581 non

994 219 1023 234 {OE
1051 218 1077 232 ΛΙΙΔ
1083 219 1098 233 (λ
1105 219 1139 233 17δῦ
