4836 7002
333 541 386 599 An.
399 541 428 599 G.
442 542 511 600 lsai
566 537 626 606 ast
2139 535 2235 594 Anti.
2250 534 2318 594 1856

546 678 588 742 ita
610 684 644 741 et
664 693 721 740 vos
742 677 827 740 euris
848 675 925 756 ipsis
940 677 1058 740 nostris
1073 675 1187 740 maiori
1200 675 1296 748 sinite
1351 673 1447 738 Item:
1476 675 1563 751 Otene
1583 675 1671 758 pccis
1685 679 1774 746 snnt,
1789 679 1961 737 sectemur.-
1980 679 2010 735 et
2024 688 2104 752 qnce

515 827 518 833 ,
547 771 705 834 diseamus
726 769 839 834 fidncia
860 771 1092 849 respondeatis.
1115 768 1220 847 Atque
1239 767 1296 829 bac
1352 767 2104 851 aedificationissuntininnicemcnstodicmns

546 864 686 937 anobis,
709 863 775 926 imo
801 881 817 926 a
839 863 968 925 caritate
997 871 1114 936 vestra,
1145 861 1294 924 solatium
1350 863 1456 943 (Rom.
1480 862 1562 926 lllll.
1587 863 1648 944 re).
1672 862 1879 940 Ceteroquin,
1897 861 2031 924 meliora
2048 861 2103 924 tibi

547 963 580 1019 et
601 957 749 1020 levamen
771 956 804 1018 in
820 957 926 1030 tantis,
943 957 1060 1034 quibus
1080 956 1120 1019 ob
1135 956 1295 1019 Ecclesiae
1351 956 1510 1034 nobisque
1531 963 1707 1034 sperantes,
1724 953 1929 1033 apostolicam
1945 954 2104 1016 mittimus

1067 557 1133 604 lilii.
1157 553 1250 602 PONE.
1274 555 1315 601 nn
1336 553 1367 602 P.
1390 555 1421 602 F.
1445 556 1529 602 PARS
1550 557 1573 603 1.

546 1048 741 1114 calamitates
759 1049 902 1126 undique
918 1049 1110 1128 premimur,
1126 1047 1300 1126 angustiis,¹

547 1142 627 1206 etin
644 1149 731 1205 tanto
750 1158 813 1221 quo
830 1158 913 1221 pene
928 1143 1117 1205 conficimur
1132 1155 1294 1215 moerore,

547 1236 790 1315 praestolantes,
803 1235 872 1307 tibi,
888 1233 1203 1306 uenerabilisirater‚
1222 1233 1295 1295 tuis·

547 1343 612 1406 que
632 1327 847 1392 contrairibus
868 1329 1073 1407 apostolicam
1102 1326 1297 1390 benedictio-

546 1437 623 1486 nem
645 1429 710 1496 tota
731 1421 836 1485 cordis
858 1421 1015 1484 enusione
1038 1421 1256 1500 impertimur.

588 1515 702 1578 Datum
717 1515 847 1586 Romae,
864 1515 945 1594 apud
963 1513 994 1576 S.
1012 1514 1155 1587 Petrum,
1170 1513 1230 1576 sub
1245 1529 1298 1574 an-

547 1609 627 1672 nulo
647 1608 772 1682 Piscat,
799 1607 851 1670 die
878 1623 933 1670 xu.
963 1608 1044 1672 iunii
1075 1623 1296 1680 nncccxuuv„

547 1702 750 1781 pontificatus
771 1701 873 1764 nostri
894 1717 978 1764 anno
1000 1718 1029 1763 v.

898 1983 951 2048 lv.

649 2170 827 2234 Discidium
847 2171 885 2234 de
904 2168 998 2234 rebus
1019 2169 1202 2251 iitbnrpicie

701 2264 787 2326 inter
808 2266 962 2362 Armenes
982 2261 1143 2344 reprobat.

624 2447 794 2516 Venerabili
817 2449 906 2516 tratri
929 2448 1057 2514 Antonio
1074 2446 1225 2531 deripiat,

564 2541 803 2627 trebiepiscopo
826 2543 947 2610 Primnti
964 2545 1095 2608 Armeno
1117 2540 1286 2618 constant,

708 2729 947 2798 ditfidoittus
969 2729 1031 2796 ΡΡ.
1054 2727 1127 2794 tvl.

765 2919 955 2987 Venerabilis
977 2918 1086 2996 irater,

585 3014 715 3082 salutem
738 3022 770 3081 et
791 3015 989 3098 apostolicam
1013 3012 1266 3080 benedictionem.

590 3205 747 3284 Acceptis,
765 3220 843 3283 quas
863 3221 968 3284 nuper
989 3204 1155 3284 scripsisti,
1172 3204 1299 3276 litteris,

552 3299 696 3378 prolecto
720 3315 779 3362 nos
807 3314 866 3377 pro
893 3307 1060 3361 constante
1089 3307 1197 3361 nostra
1226 3313 1301 3374 erga

551 3392 785 3455 iraternitatem
818 3401 905 3454 tuam
940 3393 1166 3455 benevolentia
1201 3392 1301 3454 dolui-

551 3501 636 3559 mus,
660 3487 805 3548 nondum
826 3485 967 3564 sopitum
984 3502 1054 3548 esse
1069 3487 1151 3564 apud
1167 3500 1225 3547 ros
1240 3485 1301 3547 dis-

551 3579 708 3642 sidiorum
724 3579 881 3650 tomitem,
900 3581 1086 3658 praesertim
1102 3581 1184 3642 circa
1199 3595 1251 3641 res
1267 3579 1302 3640 li-

552 3673 727 3750 tburgicas,
754 3689 831 3751 quas
851 3674 996 3752 apprime
1022 3674 1145 3751 quietas
1167 3681 1199 3736 et
1220 3673 1303 3736 bene

552 3768 743 3846 compositas
765 3784 834 3830 esse
862 3775 1038 3845 oporteret.
1067 3766 1188 3841 Quanta
1215 3767 1301 3829 enim

552 3859 730 3922 absurditas
752 3867 809 3934 est,
833 3862 859 3922 si
881 3861 914 3921 in
936 3861 1005 3939 ipso
1027 3859 1083 3922 Dei
1106 3860 1226 3938 paciilci
1245 3861 1302 3921 mi-

552 3954 688 4017 nisterio
709 3955 940 4016 contendentes
956 3968 1136 4017 versamur.
1153 3953 1303 4017 Attamen

553 4047 641 4110 bisce
663 4048 755 4110 malis
776 4049 958 4109 remedium
981 4049 1112 4110 dimum
1127 4063 1163 4110 ac
1178 4064 1303 4126 perem-

553 4141 694 4220 ptorium
716 4141 869 4203 adbibere
883 4155 985 4218 aeque
1000 4142 1091 4204 nobis
1107 4141 1230 4219 tibique
1245 4141 1304 4204 dii-

553 4235 636 4298 iicile
657 4243 717 4297 est.
740 4233 827 4309 Quod
844 4250 924 4297 vero
938 4236 974 4296 ad
991 4242 1022 4298 te
1038 4253 1142 4315 nuper
1161 4235 1303 4314 Congre-

1352 1049 1621 1114 benedictionem.

1392 1144 1507 1206 Datum
1533 1144 1664 1216 Romae,
1692 1143 1775 1223 apud
1798 1141 1829 1205 S.
1854 1143 1982 1206 llariam
2010 1142 2104 1206 llaio-

1353 1253 1435 1310 rem,
1454 1238 1513 1301 sub
1535 1237 1655 1300 annulo
1676 1235 1855 1308 Piscatoris,
1879 1236 1931 1299 die
1952 1253 1987 1298 u.
2004 1251 2103 1314 angu-

1353 1331 1393 1392 sti
1415 1347 1637 1403 uncccxxxv„
1660 1336 1749 1408 pont.
1774 1331 1876 1392 nostri
1898 1347 1981 1393 anno
2003 1347 2033 1392 v.

1710 1609 1748 1674 V.

1357 1799 1524 1880 Ememptio
1553 1799 1666 1863 ninre
1692 1799 1920 1880 metropolitico
1944 1799 2105 1866 Ecclesiae

1394 1892 1550 1956 Limcnne
1569 1899 1598 1955 et
1619 1890 1771 1956 subiectio
1793 1893 1989 1974 episcopatui
2003 1893 2035 1957 S.
2052 1895 2105 1958 Ei-

1394 1986 1445 2049 dei
1465 1987 1503 2050 de
1524 1986 1656 2069 Bopotd.

1495 2169 1717 2240 defenditis
1748 2169 1964 2256 EPlSGOPUS

1544 2335 1653 2387 sertus
1676 2335 1831 2386 seriorum
1854 2318 1918 2409 Dei,

1475 2453 1512 2520 ad
1535 2459 1707 2538 perpetuam
1730 2455 1774 2521 rei
1801 2455 1983 2522 memoriam.

1396 2644 1614 2707 Romanorum
1644 2644 1852 2716 Pontificum,
1880 2645 1935 2722 qni
1961 2644 1994 2706 in
2018 2643 2106 2706 Beati

1356 2738 1442 2800 Petri
1464 2738 1694 2816 Apostolorum
1724 2738 1877 2817 principis
1899 2736 1982 2801 Sede
2003 2737 2106 2800 veluti

1355 2831 1389 2893 in
1412 2832 1540 2910 specula
1562 2837 1638 2894 sunt
1659 2831 1814 2894 divinitus
1835 2831 2012 2904 constituti,
2034 2847 2106 2910 pro·

1358 2925 1464 3002 prium
1480 2931 1529 2986 est
1544 2924 1747 2986 Dominicnm
1759 2923 1884 3002 Agrum
1899 2925 2035 2987 sollicite
2047 2924 2106 2987 cir-

1357 3017 1576 3096 cumspicere,
1600 3026 1634 3080 et
1654 3018 1679 3078 si
1709 3016 1825 3080 alicubi
1847 3017 2106 3080 christifidelium

1358 3112 1577 3174 necessitatem
1591 3111 1642 3173 vel
1653 3111 1826 3174 utilitatem
1837 3111 2026 3189 apostolicae
2035 3125 2107 3188 pro-

1357 3205 1519 3278 videntiae
1540 3205 1646 3266 studio
1668 3219 1768 3282 egere
1789 3205 1967 3277 senserint,
1996 3218 2107 3282 supre-

1360 3313 1441 3360 mam
1466 3297 1553 3359 illam
1576 3315 1610 3360 ac
1632 3298 1820 3376 plenariam,
1837 3313 1932 3376 quam
1948 3314 1965 3359 a
1979 3295 2107 3359 cbristo

1359 3391 1495 3453 Domino
1517 3391 1689 3454 Servatore
1717 3399 1829 3453 nostro
1857 3392 1890 3452 in
1919 3391 2108 3454 aedificatio·

1358 3501 1433 3546 nem
1457 3484 1616 3546 Ecclesiae
1630 3492 1843 3563 acceperunt,
1861 3491 2050 3564 potestatem
2066 3483 2109 3546 ia·

1358 3579 1577 3656 cultatemque
1606 3577 1691 3640 illico
1720 3586 1753 3640 et
1773 3578 1942 3641 efficaciter
1966 3577 2109 3657 interpo-

1359 3688 1449 3736 nere.
1473 3671 1563 3746 Hinc,
1580 3687 1681 3749 quum
1704 3689 1740 3734 ea
1761 3672 1802 3733 sit
1824 3673 2037 3735 humanarum
2059 3687 2109 3734 re-

1359 3782 1432 3829 rum
1468 3773 1580 3829 natura
1611 3773 1644 3828 et
1673 3765 1825 3838 conditio,
1850 3773 1887 3827 ut
1914 3780 1996 3843 quae
2031 3765 2108 3828 olim

1359 3861 1509 3940 inspectis
1526 3860 1672 3922 locorum
1695 3876 1729 3921 ac
1752 3866 1935 3938 temporum
1952 3859 2109 3921 adiunctis

1359 3955 1421 4018 rite
1447 3963 1601 4033 recteque
1630 3953 1800 4016 constituta
1829 3953 2023 4016 videbantur
2051 3969 2110 4032 pro

1360 4049 1486 4111 meliori
1500 4048 1695 4111 dioecesium
1712 4048 1883 4126 regimine,
1897 4049 2009 4110 eadem
2025 4053 2110 4125 post-

1360 4158 1407 4215 ea,
1423 4142 1593 4204 immutato
1615 4157 1727 4204 rerum
1750 4141 1873 4214 ordine,
1898 4141 2006 4204 minus
2024 4157 2109 4204 com-

1360 4237 1453 4298 moda
1467 4247 1563 4312 atque
1579 4235 1744 4297 interdum
1760 4237 1855 4296 etiam
1872 4236 1967 4298 noxia
1981 4251 2109 4314 compe-

2157 2653 2315 2698 Exordium.

554 4329 638 4406 gatio
653 4329 747 4407 Prop.
761 4328 847 4390 Eidei
861 4330 901 4391 de
913 4330 1089 4392 omittenda
1103 4345 1177 4392 cnm
1190 4329 1304 4391 oblatis
1360 4331 1496 4401 riantur,
1514 4331 1606 4393 decet
1620 4329 1779 4391 llomanos
1802 4329 1970 4392 Pontifices
1992 4343 2107 4392 novam

553 4423 699 4485 nondum
714 4423 907 4486 consecratis
926 4422 1151 4485 benedictione
1166 4423 1302 4501 scripsit,
1361 4423 1579 4502 praescribere
1615 4423 1823 4486 ecclesiarum
1863 4423 2110 4486 administratio·

553 4517 585 4577 id
596 4531 706 4594 reapse
722 4517 814 4578 nobis
830 4516 1053 4578 mandantibus
1064 4524 1219 4594 seriptum
1231 4515 1302 4576 luit.
1360 4533 1447 4590 nem,
1480 4524 1576 4595 prout
1597 4517 1656 4596 ipsi
1678 4518 1830 4579 noverint
1850 4517 1884 4578 in
1906 4516 2042 4579 Domino
2063 4533 2110 4577 sa-

553 4609 589 4672 ln
616 4609 684 4670 aliis
713 4625 842 4688 quoque
872 4611 1037 4672 nonnullis
1069 4610 1303 4687 indulgentiam
1360 4609 1497 4673 lubriter
1518 4611 1683 4688 expedire.

553 4720 588 4764 ac
612 4703 808 4777 iacilitatem,
834 4705 860 4765 si
886 4721 938 4766 res
963 4705 1005 4765 ita
1034 4705 1220 4784 postularet,
1248 4703 1304 4766 tibi
1400 4703 1469 4780 §l
1494 4703 1591 4766 Nobis
1607 4719 1716 4782 porro,
1733 4705 1788 4783 qui
1810 4703 1963 4768 ineiiabili
1983 4705 2110 4768 divinae

554 4799 863 4880 commendarimns;
880 4798 977 4875 idque
989 4814 1054 4859 non
1066 4804 1102 4860 nt
1114 4797 1170 4859 tibi
1181 4805 1305 4860 contra·
1360 4797 1510 4860 bonitatis
1539 4797 1709 4860 clementia
1730 4799 1768 4860 ad
1791 4799 1966 4874 regendam
1992 4797 2110 4877 gnber-

555 4891 748 4963 diceremns,
766 4891 823 4953 sed
838 4899 874 4954 ut
888 4890 967 4953 cleri
979 4892 1025 4953 tui
1039 4891 1104 4970 paci
1119 4892 1166 4952 bis
1179 4892 1305 4954 minimi
1360 4893 1562 4968 nandamque
1580 4891 1797 4953 universalem
1813 4892 1984 4954 Ecclesiam
2007 4893 2109 4956 vocati

555 4985 714 5049 momenti
750 4985 1011 5048 concessionibus
1047 4986 1303 5048 consuleremus.
1361 4985 1497 5059 inimus,
1529 4984 1664 5047 dilectus
1693 4985 1777 5047 iilius
1799 4985 1940 5064 ignatius
1961 4987 2107 5060 Fescada,

554 5079 649 5142 Gravi
672 5088 779 5143 tamen
801 5096 874 5142 eum
896 5081 993 5142 animi
1016 5095 1166 5142 moerore
1188 5079 1305 5142 intelli·
1362 5079 1511 5157 gubernii
1531 5079 1806 5142 Neo-Granatensi
1829 5080 1994 5143 Americae
2017 5079 2109 5160 lileri-

556 5173 672 5251 gimus,
696 5189 803 5251 neque
825 5174 1005 5237 districtum
1029 5175 1171 5252 rigorem
1199 5187 1305 5251 neque
1362 5174 1496 5236 dionalis
1525 5174 1605 5252 apud
1636 5191 1694 5235 nos
1727 5181 1759 5235 et
1788 5173 1868 5235 bano
1893 5175 2108 5252 Apostolicam

555 5267 733 5346 quamlibet
760 5266 992 5345 benignitatem
1023 5269 1120 5330 tinem
1152 5267 1304 5344 consequi
1362 5265 1478 5330 Sedem
1501 5267 1706 5344 negotiorum
1731 5275 1851 5344 gestor,
1883 5269 2014 5330 nomine
2043 5285 2109 5330 me-

554 5361 739 5424 salutarem.
769 5362 848 5436 Quid
879 5379 958 5441 ergo
986 5365 1155 5441 super-esti
1183 5361 1305 5442 Nempe
1362 5362 1476 5424 morati
1488 5361 1637 5439 gnbernii
1651 5376 1754 5438 nuper
1769 5362 1930 5440 exposuit,
1944 5361 2108 5424 ecclesiam

554 5456 633 5519 illud
658 5458 742 5533 quod
766 5455 798 5519 S.
822 5457 936 5520 Paulus
959 5459 1117 5536 praedicat
1131 5467 1164 5521 et
1179 5460 1230 5520 cui
1249 5477 1306 5522 nos
1361 5457 1401 5519 de
1422 5457 1568 5529 Panama,
1592 5455 1654 5516 iam
1675 5453 1750 5516 inde
1771 5454 1809 5517 ab
1831 5471 1914 5517 anno
1936 5455 2109 5518 millesimo

555 5565 685 5629 qnoque
708 5553 740 5613 in
762 5549 1022 5614 tribulationibus
1038 5553 1168 5626 nostris,
1190 5547 1305 5629 quibus
1361 5550 1598 5612 sexcentesimo
1626 5548 1800 5626 trigesimo.
1817 5550 1922 5628 primo
1944 5551 1979 5612 ad
2005 5549 2110 5612 cathe-

554 5645 698 5722 quotidie
713 5643 923 5718 abundamus,
938 5645 1226 5724 obtemperandum
1239 5662 1306 5708 cre·
1362 5645 1459 5708 dralis
1490 5645 1649 5708 bonorem
1678 5651 1841 5716 evectam,
1858 5702 1859 5706 ,
1873 5645 2110 5724 metropolitico

555 5737 682 5800 dimus:
712 5739 842 5801 Nemini
870 5738 1039 5817 quiequam
1067 5737 1216 5810 debentis,
1242 5739 1307 5801 nisi
1362 5738 1426 5800 iuri
1455 5739 1608 5801 ecclesiae
1632 5737 1782 5800 Limanae
1807 5739 1854 5800 uti
1876 5739 2110 5816 suffraganeam

555 5835 594 5892 nt
614 5829 749 5894 invicem
770 5831 935 5912 diligatis,·
949 5831 1003 5910 qni
1017 5832 1101 5894 enim
1116 5829 1224 5912 diligit
1234 5846 1307 5914 pro·
1362 5831 1461 5895 inisse
1490 5833 1677 5906 subiectam,
1701 5833 1847 5910 quamvis
1868 5849 1931 5896 una
1952 5833 1990 5896 ab
2011 5833 2110 5896 altera

555 5923 699 5995 nimrim,
730 5925 827 6006 leqcm
855 5925 996 6007 implevit
1022 5925 1127 6007 (Rom.
1156 5925 1234 5989 illll.
1260 5924 1305 6006 8).
1363 5927 1511 6006 pluribus
1525 5927 1668 5991 centenis
1690 5943 1841 6006 passuum
1865 5927 2007 5990 millibus
2022 5928 2110 5991 abes·
