4814 6992
909 709 1059 756 uasauus
1081 709 1132 756 33.
1158 711 1227 755 333.
1784 691 1821 754 21
1882 691 1974 748 1133.
1991 689 2058 746 1653

293 835 437 905 tempore
458 827 563 900 133133,
588 843 652 889 333
677 843 759 898 esse,
785 845 844 890 333
871 827 952 898 1333,
979 829 1036 890 31-

292 936 392 983 33333
414 921 474 983 3131
487 925 541 982 331
561 921 684 982 3333331
700 935 865 997 possessu
888 919 1007 982 dobere
1022 937 1036 981 a

292 1015 429 1094 praelato
444 1023 531 1086 voto,
542 1015 765 1094 promissione.
783 1031 840 1077 seu
856 1015 1038 1078 iuramento

291 1109 452 1183 liberatos;
463 1110 518 1172 sed
532 1125 587 1170 eos
597 1109 750 1171 hactenus
764 1114 795 1170 et
808 1125 865 1186 pro
880 1117 1035 1187 tempore,

291 1212 326 1266 ut
349 1203 545 1281 praelector,
571 1203 748 1274 translatos
773 1202 942 1280 expulsos,
966 1219 1000 1264 ac
1022 1220 1038 1264 a

1095 844 1128 889 33
1144 843 1201 906 per
1218 843 1330 891 omnes
1346 834 1379 890 et
1392 827 1549 905 singulos,
1568 828 1603 890 ad
1621 841 1700 904 3333
1724 831 1845 904 spectat

1095 927 1128 982 et
1161 922 1406 998 quomodolibet
1440 920 1594 1000 spectabit
1618 921 1649 982 iu
1682 919 1841 992 1313333,

1095 1015 1323 1077 inviolabiliter
1346 1014 1528 1088 observem

1135 1109 1203 1184 §a
1229 1107 1345 1186 Sicque
1368 1116 1400 1170 et
1414 1125 1479 1170 333
1494 1107 1586 1170 311133
1608 1107 1639 1168 13
1663 1106 1843 1185 praemissis
1908 1115 2077 1178 311133133-

1096 1202 1246 1264 omnibus
1268 1208 1300 1264 et
1320 1202 1457 1279 singulis
1479 1218 1537 1279 per
1555 1215 1776 1279 quoscumque
1798 1200 1844 1262 iu·
1862 1169 2077 1270 mittelwes-

86 2056 140 2100 11313
162 2055 269 2100 consti·

60 2111 139 2154 311331
155 2110 270 2154 clausu·

60 2169 90 2210 13·-
111 2175 270 2220 333333333-

60 2228 116 2262 1333
129 2219 252 2273 apponit.

292 1297 449 1359 delatione
472 1297 597 1359 babitus
620 1297 778 1374 regularis
800 1295 963 1358 absolutos
985 1296 1036 1358 vel

293 1391 439 1468 privatos,
463 1405 741 1468 quarumcumque
764 1389 957 1466 dignitatum
981 1389 1038 1450 bu·

290 1484 428 1546 iusmodi
449 1483 582 1562 proinde
603 1486 777 1562 incapaces,
795 1483 877 1544 etad
901 1481 970 1544 illas
986 1499 1038 1559 pe-

292 1578 410 1650 tendas,
435 1577 639 1656 acceptandas
661 1583 693 1639 et
709 1577 896 1638 obtinendus
916 1576 1038 1638 intrabi-

291 1671 337 1732 les
359 1687 538 1744 remanere,
558 1672 590 1732 in
613 1671 763 1734 omnibus
785 1677 817 1732 31
840 1685 896 1748 per
920 1670 1035 1743 omnia,

291 1765 424 1842 perinde
445 1783 480 1827 ac
499 1767 526 1826 si
548 1765 702 1834 translati,
727 1763 863 1843 expulsi,
881 1781 937 1826 seu
954 1781 970 1824 3
986 1765 1038 1826 33-

290 1859 408 1920 latione
439 1857 564 1920 babitus
597 1857 723 1920 liberati
754 1874 811 1919 seu
833 1858 948 1937 privati
974 1873 1037 1919 non

292 1951 442 2026 luisseut3

330 2045 350 2120 5
371 2044 399 2105 l.
424 2045 611 2106 Praesentes
626 2060 704 2106 vero
718 2044 849 2114 litteras,
867 2047 1038 2121 omniaque

292 2145 324 2200 et
345 2138 471 2214 singula
492 2139 526 2199 in
549 2139 595 2200 eis
616 2145 782 2210 contenta,
807 2140 902 2200 etiam
925 2155 964 2199 ex
987 2153 1036 2209 33,

292 2232 376 2309 3333
389 2231 585 2308 quicumque
600 2233 632 2293 in
649 2233 907 2310 praemissis,seu
926 2247 1037 2294 eorum

291 2325 409 2402 aliquo,
420 2325 576 2388 iuteresse
589 2326 754 2398 babentes,
765 2341 822 2386 seu
833 2326 950 2386 babere
963 2341 1039 2404 quo-

292 2419 469 2481 modolibet
489 2421 748 2506 praetendentes,
765 2419 801 2480 ad
826 2436 860 2481 ea
883 2421 985 2481 vocati
1008 2425 1041 2480 31

290 2513 401 2585 333111,
416 2514 587 2590 31333333
599 2529 721 2586 333333,
737 2519 868 2592 propter
881 2529 958 2590 quas
971 2530 1040 2574 eae-

290 2609 365 2670 dem
388 2615 572 2686 praesentes
595 2608 836 2680 emanaverint,
864 2608 1037 2678 adductae,

291 2703 483 2775 verificatae,
500 2719 557 2764 seu
569 2702 644 2764 alias
658 2701 866 2772 sullicienter,
880 2700 1039 2762 autetiam

292 2795 476 2857 nullatenus
497 2793 681 2856 iustificatae
703 2793 835 2866 luerint,
859 2793 949 2855 33113
972 2809 1040 2854 um-

290 2903 388 2966 quarn
410 2896 557 2966 tempore
579 2889 618 2950 de
639 2887 867 2966 subreptionis,
881 2887 933 2948 vel
950 2887 1041 2948 obre-

290 2983 420 3060 ptionis,
444 2997 501 3043 333
524 2981 679 3042 3311113113
703 2981 790 3053 31113,
814 2997 871 3043 333
890 2979 1041 3042 intentio-

290 3077 341 3138 nis
357 3083 493 3146 uostrae,
511 3081 565 3135 aut
579 3073 641 3135 alio
656 3075 770 3152 quovis
789 3074 927 3146 deiectu,
946 3073 1038 3135 etiam

290 3169 498 3248 quantumvis
521 3183 648 3245 magno,
676 3169 891 3246 inexcogitato
914 3177 946 3230 et
966 3169 1041 3231 sub-

289 3261 440 3334 stantiali,
464 3261 533 3323 sive
555 3262 651 3323 etiam
673 3277 712 3324 ex
728 3277 777 3332 eo,
803 3263 887 3340 quod
904 3262 936 3322 in
953 3278 1040 3340 prae·

292 3356 409 3428 missis,
433 3371 489 3417 seu
507 3369 619 3418 eorum
636 3353 754 3431 aliquo,
778 3353 997 3417 solemnitates
1010 3363 1042 3417 et

291 3449 423 3528 quaevis
445 3449 503 3510 3113
525 3449 680 3510 33333333
702 3455 734 3510 31
753 3449 954 3528 3313313333
974 3465 1040 3511 333-

291 3552 362 3606 3313
391 3550 422 3606 31
449 3542 619 3620 adimpleta
651 3559 716 3604 333
745 3542 887 3614 luerint,
925 3551 979 3605 aut
1000 3559 1040 3605 ex

292 3636 490 3716 3333133113
512 3638 622 3715 capite,
646 3638 765 3710 31333,
789 3637 842 3699 331
864 3636 963 3708 13313,
988 3644 1042 3698 331

291 3739 422 3804 3131313,
439 3732 493 3794 331
515 3731 868 3810 333333133133311333
883 3732 1040 3795 33331133-

295 3836 336 3898 te,
360 3843 417 3889 seu
440 3827 536 3889 etiam
558 3825 712 3898 enormis,
737 3827 980 3888 enormissimae
1010 3833 1042 3888 et

294 3920 398 3982 totalis
419 3919 579 3990 laesionis,
604 3926 885 3996 331333333333
907 3920 968 3982 alio
990 3937 1040 3983 co·

293 4015 492 4087 13333333
516 4014 548 4074 13
570 4029 705 4090 corpore
731 4013 811 4076 iuris
842 4013 959 4089 clauso,
983 4031 1040 4076 seu

294 4109 457 4172 occasione
488 4108 542 4170 vel
577 4123 668 4170 causa
703 4107 799 4172 etiarn
835 4109 1041 4186 quantumvis

294 4205 384 4276 13313,
400 4201 580 4264 rationabili
592 4207 624 4263 31
638 4200 850 4279 privilegiata,
864 4201 958 4263 etiam
974 4201 1039 4276 tali,

294 4295 423 4373 333333
439 4297 588 4358 ellectum
605 4295 775 4357 validitatis
790 4296 1039 4374 praemissorum

294 4390 473 4452 necessario
495 4388 703 4468 exprimenda
726 4387 820 4461 13331,
845 4389 960 4460 331331,
984 4389 1042 4451 im·

293 4483 440 4561 pugnari,
463 4482 642 4554 invalidari,
667 4484 843 4556 retractari,
867 4483 1042 4546 13133331

294 4577 545 4639 controversiam
568 4577 724 4649 revocari,
748 4585 802 4640 aut
825 4578 861 4639 ad
886 4581 1042 4640 terminos

295 4671 373 4732 iuris
395 4671 516 4743 reduci,
540 4670 592 4732 vel
608 4671 761 4732 adversus
783 4671 852 4734 illas
867 4673 1043 4735 restitutio·

295 4767 344 4826 nis
366 4767 398 4826 13
419 4767 603 4842 integrum,
634 4764 819 4844 aperitiouis
842 4767 923 4838 oris,
948 4767 1042 4830 redu·

293 4859 407 4920 ctiouis
438 4858 586 4921 adriam
619 4865 651 4920 31
679 4859 834 4922 13331333
867 4859 966 4931 13313,
990 4869 1043 4923 331

293 4953 377 5014 31133
401 4952 629 5030 3333333333
651 4953 740 5026 13313,
757 4952 840 5024 13311,
858 4955 977 5031 gratiae
989 4956 1042 5017 vel

294 5047 432 5110 iustitiae
443 5047 626 5108 remedium
641 5047 818 5125 impetrari,
835 5064 893 5110 seu
909 5063 1042 5126 quomo-

294 5140 416 5202 dolibet
447 5140 596 5212 concedi,
620 5147 673 5202 aut
694 5141 866 5219 impetrato
888 5143 940 5204 vel
969 5159 1042 5204 oon-

293 5251 384 5296 33333
398 5234 582 5312 quempiam
598 5234 656 5306 uti,
673 5250 730 5296 seu
746 5251 780 5296 se
792 5235 903 5296 iuvare
918 5237 950 5298 in
963 5237 1042 5299 iudi-

293 5327 343 5388 cio
365 5327 417 5389 vel
432 5335 523 5390 extra
546 5343 654 5406 posse;
678 5344 784 5406 neque
800 5330 859 5392 sub
875 5331 1041 5406 quibusvis

1095 1293 1180 1356 dices
1194 1295 1378 1356 ordinarios
1394 1303 1425 1356 et
1440 1295 1613 1370 delegatos,
1628 1294 1722 1355 etiam
1739 1309 1844 1356 causa-

1096 1405 1168 1450 rum
1187 1389 1292 1466 palatii
1308 1389 1471 1466 apostolici
1484 1387 1657 1459 auditores,
1672 1394 1705 1449 et
1717 1384 1748 1448 S.
1760 1385 1794 1448 ll.
1807 1385 1842 1446 E.

1095 1482 1396 1554 333313313331133
1410 1481 1560 1545 33131333
1574 1481 1707 1558 Legatos
1720 1488 1753 1542 et
1764 1495 1846 1542 nun-

1095 1577 1170 1649 cios,
1194 1594 1227 1638 ao
1249 1577 1327 1639 alios
1346 1577 1457 1654 quavis
1473 1576 1662 1638 auctoritate
1688 1579 1720 1635 et
1742 1581 1846 1652 potes-

1095 1677 1158 1732 tate
1174 1670 1359 1747 iungeutes,
1384 1671 1416 1732 in
1438 1670 1550 1748 quavis
1572 1685 1664 1730 causa
1680 1675 1712 1729 31
1727 1667 1844 1728 133133-

1096 1765 1147 1836 tia,
1171 1766 1293 1828 sublata
1316 1766 1360 1826 eis
1384 1772 1550 1826 eteorum
1576 1763 1708 1826 cuilibet
1730 1763 1843 1840 quavis

1095 1859 1187 1922 311133
1208 1859 1367 1920 133133331
1390 1864 1422 1920 31
1443 1856 1676 1935 interpretandi
1697 1855 1844 1918 lacultate

1096 1959 1128 2015 et
1148 1953 1346 2024 auctoritate,
1370 1951 1503 2014 13313331
1518 1959 1550 2012 31
1565 1949 1691 2012 definiri
1714 1948 1844 2022 debere3

1096 2047 1224 2108 irritum
1248 2061 1377 2123 quoque
1401 2051 1432 2106 et
1454 2045 1559 2114 inane,
1585 2043 1611 2102 si
1633 2059 1725 2104 secus
1746 2057 1846 2118 super

1097 2140 1145 2201 bis
1168 2159 1183 2201 a
1206 2155 1379 2218 quoquam,
1397 2137 1508 2216 quavis
1523 2136 1721 2206 auctoritate,
1745 2135 1865 2210 33133-Ι

1098 2240 1146 2294 ter
1168 2233 1221 2294 vel
1243 2236 1440 2308 ignoranter,
1465 2230 1637 2308 contigerit
1664 2228 1823 2290 attentari.

1136 2325 1204 2401 §tt
1235 2325 1305 2386 Non
1342 2323 1541 2388 obstantibus
1574 2322 1777 2402 praemissis,
1812 2337 1846 2382 33
1864 2336 2023 2447 13331333
2038 2338 2079 2382 ue

1097 2419 1379 2482 constitutionibus
1414 2425 1446 2480 et
1482 2416 1737 2480 ordinationibus
1773 2431 1845 2493 apo·

1097 2513 1227 2584 stolicis,
1238 2529 1272 2574 ac
1284 2511 1489 2574 cancellariae
1505 2517 1632 2573 nostrae
1649 2509 1790 2586 regulis,
1801 2515 1843 2580 et,

1098 2613 1254 2684 quatenus
1271 2622 1350 2683 opus
1377 2605 1485 2675 133311,
1510 2605 1605 2666 31133
1634 2601 1687 2664 illa
1709 2603 1748 2664 de
1773 2602 1844 2664 iure

1097 2699 1242 2778 quaesito
1258 2715 1322 2761 non
1336 2697 1489 2772 tollendo,
1503 2715 1538 2759 33
1549 2697 1689 2760 33133313
1704 2694 1841 2768 Ordinis,

1097 2795 1356 2872 congregationis
1379 2801 1410 2856 ot
1431 2793 1569 2855 instituti
1586 2789 1781 2878 huiusmodi,
1800 2797 1844 2852 et-

1098 2890 1158 2950 iam
1182 2889 1375 2960 iuramento,
1399 2887 1642 2950 confirmatione
1662 2884 1843 2963 apostolica,

1098 2982 1149 3044 vel
1172 2983 1283 3059 quavis
1300 2981 1451 3043 firmitate
1473 2981 1530 3042 3113
1545 2980 1702 3042 roboratis
1721 2983 1847 3044 statutis

1098 3085 1130 3139 et
1151 3075 1455 3148 consuetudinibus,
1491 3075 1668 3153 privilegiis
1697 3089 1845 3153 quoque,

1098 3171 1230 3233 indultis
1253 3177 1285 3231 et
1313 3170 1429 3232 litteris
1451 3169 1645 3248 apostolicis,
1678 3169 1845 3247 quibusvis

1100 3265 1255 3342 personis,
1272 3263 1331 3326 sub
1353 3263 1611 3342 quibuscumque
1633 3263 1799 3325 tenoribus
1815 3269 1847 3324 31

1098 3357 1221 3429 133313,
1236 3374 1269 3420 33
1285 3373 1357 3419 333
1374 3355 1539 3434 quibusvis
1562 3357 1657 3419 etiam
1680 3357 1847 3434 derogato-

1098 3452 1218 3512 riarum
1241 3450 1453 3527 derogatoriis
1475 3457 1507 3512 et
1529 3450 1666 3513 insolitis
1685 3451 1845 3522 clausulis,

1097 3544 1363 3622 irritantibusque
1386 3551 1418 3606 et
1432 3545 1499 3608 aliis
1515 3545 1663 3618 decretis,
1677 3546 1710 3607 13
1723 3561 1844 3624 genere

1099 3639 1150 3700 vel
1173 3640 1205 3700 iu
1227 3640 1344 3717 specie,
1362 3640 1457 3701 etiam
1477 3647 1578 3713 motu,
1601 3639 1743 3712 scientia,
1768 3639 1844 3702 deli·

1098 3735 1263 3797 beratione
1286 3740 1318 3795 et
1332 3731 1497 3812 potestatis
1513 3731 1714 3812 plenitudine
1735 3733 1846 3794 simili·

1099 3829 1166 3899 bus,
1180 3829 1275 3891 etiam
1292 3826 1566 3899 consistorialiter,
1585 3827 1704 3889 acalias
1720 3828 1753 3888 in
1774 3843 1847 3888 con·

1100 3923 1232 3984 1333133
1247 3920 1497 3999 praemissorum
1515 3921 1759 3998 quomodolibet
1774 3937 1847 3984 333-

1098 4015 1206 4086 333313,
1240 4014 1437 4076 3333333113
1466 4021 1498 4076 31
1525 4015 1702 4091 133333113;
1731 4015 1847 4092 quibus

1099 4109 1248 4170 omnibus
1271 4115 1302 4169 31
1317 4107 1464 4184 singulis,
1489 4108 1614 4170 etiarnsi
1636 4124 1694 4187 pro
1715 4109 1846 4171 illorum

1098 4201 1269 4265 sufficienti
1290 4201 1499 4277 derogatione
1521 4202 1560 4262 de
1582 4203 1646 4264 illis
1668 4217 1848 4279 eorumque

1100 4297 1173 4358 totis
1196 4294 1362 4358 tenoribus
1383 4294 1540 4372 specialis
1571 4295 1717 4372 specifica
1739 4301 1771 4358 31
1793 4312 1863 4372 ex·¹

1100 4406 1205 4469 pressa
1227 4406 1262 4451 33
1283 4390 1321 4452 33
1343 4388 1445 4450 verbo
1467 4389 1504 4450 ad
1526 4390 1684 4460 verbum,
1708 4405 1772 4451 333
1795 4407 1848 4451 au-

1101 4491 1165 4546 tem
1188 4499 1245 4562 per
1265 4482 1421 4545 clausulas
1438 4482 1605 4560 generales
1622 4483 1706 4544 idem
1729 4483 1848 4563 impor-

1100 4585 1213 4649 133133,
1238 4577 1360 4638 333113
1381 4591 1438 4638 333
1455 4577 1586 4654 3333313
1601 4577 1659 4638 3113
1682 4578 1847 4655 expressio

1099 4671 1136 4734 ad
1159 4669 1394 4732 hocservanda
1416 4669 1516 4741 13331,
1545 4669 1677 4732 1113333
1700 4671 1846 4734 333133

1100 4771 1131 4826 31
1152 4763 1357 4841 singulorum
1381 4770 1508 4825 tenores
1538 4764 1758 4841 praesentibus
1788 4779 1846 4842 pro

1100 4859 1194 4937 plene
1217 4864 1249 4920 et
1270 4857 1467 4920 sufficienter
1489 4859 1648 4936 expressis
1670 4865 1702 4920 et
1716 4859 1753 4920 ad
1775 4872 1846 4920 ver-

1100 4953 1176 5015 bum
1199 4953 1328 5015 insertis
1350 4952 1523 5024 babentes,
1553 4951 1712 5013 1111331133
1735 4951 1766 5013 13
1789 4969 1847 5014 333

1099 5046 1217 5108 robore
1240 5045 1470 5124 permansuris,
1494 5045 1531 5107 ad
1555 5045 1752 5124 praedictum
1774 5047 1847 5110 eile-

1099 5147 1185 5204 ctum
1207 5139 1387 5218 specialiter
1413 5146 1445 5202 et
1467 5155 1619 5219 expresse
1641 5139 1846 5218 derogamus,

1099 5251 1133 5297 ac
1155 5235 1345 5312 derogatum
1373 5249 1443 5297 esse
1465 5233 1634 5310 volumus3
1666 5235 1848 5312 ceterisque

1099 5330 1268 5392 contrariis
1289 5327 1557 5405 quibuscumque.

1139 5423 1157 5498 ἓ
1180 5422 1208 5483 7.
1232 5413 1273 5483 Ut
1287 5429 1394 5483 autem
1410 5428 1595 5499 praesentes
1612 5421 1690 5484 etin
1707 5423 1752 5484 eis
1774 5439 1848 5485 con·
1873 5399 2079 5480 rubricationem

1099 5524 1186 5578 tenta
1214 5530 1436 5592 quaecumque
1467 5514 1504 5576 33
1528 5515 1673 5576 333133
1702 5516 1845 5578 notitiam
1867 5489 1975 5588 affigi-'3
1990 5499 2080 5586 ‘ffl

1099 5610 1309 5681 deducantur,
1334 5615 1366 5670 et
1386 5624 1428 5670 ne
1443 5607 1556 5685 aliquis
1579 5609 1618 5669 de
1633 5608 1678 5669 eis
1698 5597 1915 5685 ignoras-¹¹1⁶·

293 5421 448 5484 similium
471 5421 525 5483 vel
557 5422 760 5484 dissimilium
795 5423 970 5500 gratiarum
993 5442 1042 5488 re-

294 5515 535 5587 vocationibus,
565 5516 847 5596 suspensionibus,
882 5517 1042 5580 limitatio-

293 5609 400 5680 nibus,
423 5617 478 5671 aut
499 5608 568 5671 aliis
590 5609 757 5670 contrariis
780 5610 1042 5688 dispositionibus

293 5719 353 5781 pro
385 5711 531 5781 ternpore
563 5703 807 5778 quomodolibet
835 5703 924 5766 lactis
947 5711 978 5766 et
1000 5705 1041 5767 la-

291 5797 413 5859 ciendis
435 5797 681 5874 comprebeudi;
704 5798 759 5859 sed
782 5813 911 5876 semper
926 5799 963 5860 ab
979 5799 1041 5862 illis

292 5897 452 5968 exceptas,
476 5900 699 5968 perpetuoque
721 5889 856 5963 validas,
880 5893 987 5953 113333
1009 5900 1042 5954 31

291 5985 435 6047 efficaces
458 5985 598 6046 existere
620 5989 652 6045 et
673 5984 754 6056 iore,
771 5999 912 6062 suosque
935 5985 1040 6064 plena-

290 6079 358 6141 rios
371 6085 403 6140 et
413 6077 558 6155 integros
573 6077 1038 6153 333313333311313133113333,

1100 5704 1173 5765 tiam
1190 5703 1401 5782 praetendere
1423 5703 1532 5780 possit,
1557 5701 1707 5764 volumus
1730 5701 1848 5780 pariter

1099 5805 1131 5860 et
1153 5797 1352 5868 mandamus,
1382 5797 1465 5873 quod
1496 5797 1627 5858 eaedem
1664 5803 1849 5874 praesentes

1100 5907 1157 5970 per
1186 5891 1326 5968 aliquem
1353 5905 1410 5951 seu
1442 5889 1564 5966 aliquos
1594 5907 1634 5952 ex
1664 5890 1849 5952 cursoribus

1099 5985 1268 6048 nostrised
1291 5983 1442 6047 ecclesiae
1455 5981 1688 6056 Lateranensis,
1705 5982 1850 6046 basilicae

1099 6078 1251 6156 Principis
1272 6075 1500 6156 Apostolorum
1533 6077 1572 6139 de
1600 6073 1698 6150 Urbe,
1723 6091 1848 6140 necnon
