4884 6994
585 548 646 616 364
1092 557 1285 607 retornus
1304 557 1362 606 suo
1384 559 1598 608 concoenare

567 684 750 762 designatos
777 679 965 759 exemplum
985 678 1206 742 authenticum
1229 691 1317 755 prae·
1414 674 1448 756 o)
1468 683 1505 740 ut
1525 691 1637 740 rerum
1659 677 1834 740 venialium
1865 676 2057 742 commercia
2077 676 2124 738 in·

569 779 725 841 dictarum
749 773 943 840 tabularum.
968 769 1089 834 Verum
1112 770 1189 832 baec
1210 785 1320 832 exem·
1374 769 1594 832 terminantur
1613 778 1759 850 tempore
1774 769 1998 835 celebrationis
2013 769 2124 832 llissae

569 872 619 950 pla
634 872 671 933 ad
689 869 910 950 probationem
933 866 1111 930 adhibenda
1126 879 1190 928 non
1211 871 1318 936 erunt,
1374 862 1587 940 l’aroclrialis3
1638 935 1639 940 ,

569 965 629 1028 nisi
651 965 678 1027 si
700 961 893 1042 paroeciales
915 959 987 1024 libri
1011 959 1170 1038 deperditi
1183 959 1236 1021 vel
1252 973 1320 1021 cor·
1413 953 1445 1037 b)
1473 963 1509 1020 ιιι
1542 959 1722 1032 nundinae,
1754 959 1857 1038 quoad
1886 955 1955 1022 lieri
1988 960 2123 1038 poterit,

569 1057 656 1136 rupti
677 1053 811 1118 luerint.
843 1053 877 1116 ln
906 1051 1057 1130 exemplo
1079 1067 1144 1114 non
1175 1065 1320 1128 compre·
1375 1049 1553 1112 habeantur
1574 1053 1607 1112 in
1628 1050 1699 1115 loco
1720 1051 1776 1130 qni
1798 1051 1944 1130 proxime
1974 1050 2125 1115 ecclesiae

570 1150 755 1214 bendentur
775 1155 841 1212 acta
863 1146 915 1210 vel
938 1145 1125 1208 matriculae
1139 1140 1320 1225 (partitos)
1374 1156 1439 1205 non
1461 1143 1502 1206 sit
1522 1145 1678 1208 adiacens.

569 1259 647 1322 quas
669 1244 751 1306 clam
778 1240 888 1304 baberi
920 1240 1008 1302 iuxta
1039 1235 1198 1301 Ecclesiae
1230 1235 1320 1313 leges
1414 1233 1458 1298 2⁰.
1476 1235 1623 1316 Episcopi
1639 1239 1778 1304 vicissim
1792 1240 2020 1302 instructiones
2034 1239 2126 1302 Paro·

571 1342 709 1416 oportet.
1374 1329 1443 1394 ciris
1461 1333 1755 1406 communicabunt,
1775 1340 1812 1396 ιιι
1828 1333 2017 1413 parochialis
2035 1333 2126 1395 llissa

610 1429 678 1493 brt.
703 1427 811 1492 lllllll.
834 1427 1033 1490 Gubernium
1056 1422 1202 1504 parochis
1232 1437 1321 1502 prae·
1374 1429 1545 1502 ceteraque
1566 1426 1673 1489 divina
1693 1427 1793 1490 officia
1808 1427 2032 1506 opportuniori
2049 1427 2126 1490 liora

570 1522 658 1585 bebit
679 1521 828 1586 modulos
863 1536 921 1582 seu
950 1517 1115 1592 formulas,
1140 1532 1221 1596 quae
1258 1515 1321 1578 buc
1374 1517 1593 1594 celebrentur,
1624 1537 1684 1585 nec
1712 1521 1807 1584 nimis
1829 1521 1862 1584 in
1891 1521 2026 1598 longum
2055 1536 2127 1599 pro-

570 1617 749 1694 pertinent,
778 1629 842 1691 quo
868 1613 991 1676 lacilius
1013 1619 1045 1674 et
1077 1611 1177 1688 magis
1198 1609 1321 1673 unitor·
1375 1611 1554 1686 trahantur,
1578 1627 1643 1690 quo
1664 1614 1776 1678 fideles
1797 1613 1888 1678 lacile
1911 1621 1943 1676 ιι
1957 1613 2127 1677 commode

570 1710 667 1772 miter
682 1723 761 1788 opus
784 1713 965 1785 peragatur.
1376 1712 1581 1785 praeceptum
1603 1705 1756 1770 festivum
1777 1708 1914 1787 implere
1935 1715 2065 1786 queant.

610 1803 679 1866 Art.
702 1799 813 1864 xxiv.
844 1799 877 1864 Si
899 1815 960 1879 qua
984 1800 1017 1863 in
1049 1807 1218 1879 posterum
1240 1798 1322 1862 circa
1414 1797 1504 1873 Quod
1525 1815 1605 1862 vero
1625 1808 1747 1880 spectat
1766 1801 1986 1866 Eoemeteria:

570 1899 636 1960 vim
659 1912 774 1960 eorum
796 1895 932 1974 quaein
959 1893 1101 1958 articulis
1128 1908 1225 1972 supra
1246 1891 1322 1955 scri·
1418 1891 1459 1956 1⁰.
1483 1893 1630 1972 Episcopi
1652 1894 1763 1958 itidem
1786 1895 1944 1960 Parocbos
1976 1904 2129 1960 moneant

570 1992 632 2069 ptis
654 1990 886 2069 comprehensa
901 1997 987 2062 sunt,
1005 1990 1126 2052 oriatur
1142 1988 1320 2060 difficultas,
1375 1994 1412 2049 ut
1432 1987 1555 2065 aliquot
1576 2005 1593 2050 e
1615 1988 1765 2054 fluetibus
1786 1997 1982 2068 praestantes
2003 1995 2036 2052 et
2057 2005 2130 2069 pro·

572 2083 725 2148 Sanctitas
755 2085 817 2147 Sua
839 2093 872 2149 et
899 2087 1032 2146 excmus
1061 2083 1209 2146 dominus
1231 2083 1322 2145 Prae·
1377 2081 1465 2145 batos
1493 2083 1581 2144 viros
1613 2083 1715 2146 socios
1743 2083 1874 2148 sibimet
1901 2084 2075 2148 adsciscant
2095 2083 2130 2146 in

571 2193 622 2240 ιιι
644 2177 847 2257 Reipublicae
863 2179 1000 2241 invicem
1017 2176 1185 2241 conlerent
1198 2177 1236 2239 ad
1251 2191 1321 2238 rem
1376 2175 1539 2239 redituum
1563 2176 1848 2240 administratione.

571 2271 671 2336 amice
692 2273 959 2350 componendam.
1416 2265 1460 2330 2⁰.
1483 2267 1638 2342 Quaestus
1660 2276 1693 2332 et
1714 2277 1892 2348 proventus
1913 2271 1967 2350 qui
1990 2285 2030 2332 ιιι
2051 2269 2131 2334 Goe-

611 2364 680 2428 Art.
704 2363 801 2428 XXV.
824 2365 1057 2428 llatidcationes
1072 2363 1168 2426 buius
1183 2377 1322 2427 conven-
1378 2364 1590 2424 meteriorum
1602 2363 1876 2428 administratione
1889 2364 2044 2428 obvenire
2056 2380 2133 2426 con·

572 2458 667 2521 tionis
690 2467 803 2522 mutuo
826 2458 993 2521 tradentur
1007 2475 1064 2522 ιιι
1080 2458 1239 2520 mensium
1255 2473 1323 2536 spa·
1377 2455 1489 2532 tingat,
1513 2456 1705 2520 eorumdem
1726 2457 1963 2522 conservationi
1985 2465 2018 2520 et
2039 2473 2133 2520 orna-

573 2551 628 2624 tio,
651 2558 705 2614 aut
725 2553 828 2624 citius,
852 2552 878 2614 si
901 2553 971 2616 deri
994 2553 1122 2631 poterit,
1144 2558 1216 2631 post
1236 2552 1322 2614 diem
1378 2550 1424 2612 tui
1446 2549 1541 2613 unice
1562 2549 1774 2628 applicentur.

573 2644 647 2706 boio
669 2645 751 2708 actui
772 2646 981 2724 adscriptum.
1417 2643 1500 2706 llaec
1512 2658 1570 2720 pro
1582 2659 1656 2706 meo
1672 2659 1809 2707 munere
1820 2645 2033 2724 Amplitudinl
2045 2646 2135 2709 'luae

612 2736 742 2810 Romae,
756 2738 808 2800 die
819 2739 975 2816 vigesima
989 2738 1060 2802 iulii
1073 2739 1148 2802 anni
1160 2738 1324 2801 millesimi
1376 2737 1571 2814 significans,
1584 2737 1723 2800 libenter
1739 2737 1946 2816 obsequentis
1958 2739 2055 2802 auimi
2066 2739 2135 2802 mei

574 2831 834 2909 octingentesimi
856 2833 1056 2911 nonagesimi
1078 2833 1222 2898 secundi.
1377 2847 1492 2896 sensus
1514 2840 1624 2896 testor.

814 2965 855 3028 Μ,
878 2964 971 3029 eard,
994 2966 1182 3030 numm·
1418 2925 1548 3000 Romae,
1572 2927 1590 2988 3
1611 2927 1680 2992 iulii
1704 2925 1791 2991 18113.

934 3071 1067 3146 Ιοιοιιιιι
1088 3073 1122 3137 E.
1145 3073 1263 3138 Vnuoz.
1740 3061 1984 3126 Addictissrmus

615 3218 661 3282 Lo
681 3220 822 3283 scambio
844 3219 929 3284 delle
950 3221 1095 3286 ratiilcbe
1116 3223 1199 3286 ebbe
1227 3223 1326 3304 luogo
1681 3167 1721 3232 Μ·
1744 3168 1837 3232 CM·
1860 3169 2038 3234 Rffl'ffl*
2154 3195 2158 3206 '

575 3313 629 3376 nel
651 3312 779 3392 palazzo
802 3312 951 3377 Vaticano
978 3315 1050 3379 addi
1070 3315 1089 3378 2
1110 3315 1213 3394 luglio
1236 3316 1323 3383 18113.
1627 3369 1892 3378 ..----

637 3624 763 3690 laettero
784 3626 818 3690 oi
838 3626 902 3688 rabi
919 3625 1043 3691 Vescoot‘
1056 3627 1090 3692 di
1107 3627 1267 3694 Columbs'a
1701 3563 1811 3628 xm

609 3719 645 3782 io
667 3719 838 3783 oddt'zt'otte
864 3722 896 3784 cl
917 3722 1069 3785 concertio
1092 3722 1298 3788 oddt'ziortole
1592 3735 1695 3800 Porto
1722 3737 1924 3818 adstipulatu

857 3813 906 3878 ἅθ’
938 3817 1043 3878 1392·
1461 3845 1534 3894 cttm
1557 3830 1692 3912 duplice
1713 3830 1836 3912 Ergino
1854 3846 1913 3913 pro
1930 3831 2051 3896 Melite.
2141 3852 2145 3877 ¹

742 3987 835 4053 llltbe
855 4005 890 4052 ao
911 3989 991 4054 lime
1013 3989 1159 4055 Domine.
1743 3991 1769 4054 t

617 4153 715 4215 Prout
727 4157 929 4230 compertum
942 4158 991 4214 est
1004 4151 1216 4231 Amplitudini
1228 4154 1326 4228 Tuae,
1613 4141 1654 4188 Μ
1675 4141 1900 4190 ¹⁴T⁸¹¹⁰¹¹¹¹⁸·

578 4251 707 4325 optante
728 4262 764 4308 ac
779 4243 960 4323 postulante
975 4243 1140 4310 Gubernio
1151 4247 1243 4310 istius
1258 4247 1327 4311 llei-
1743 4259 1773 4340 a)

580 4339 736 4418 publicae,
760 4353 864 4416 nuper
885 4339 971 4401 inter
992 4339 1097 4418 ipsum
1121 4347 1154 4402 et
1181 4339 1326 4406 Sanctam

580 4435 660 4497 banc
682 4433 799 4498 Sedem
822 4443 871 4497 est
891 4435 968 4498 inita
989 4434 1181 4508 Consentio.
1205 4445 1260 4500 aut
1273 4451 1328 4499 ve·

576 4528 644 4590 rius
666 4529 863 4592 enucleatior
895 4529 1066 4593 declaratio
1094 4531 1327 4594 nonnullorum

576 4623 714 4701 capitum
730 4621 961 4688 conventionis
977 4623 1157 4688 celebratae
1172 4641 1222 4688 an.
1238 4623 1325 4688 1887.
1473 4652 1528 4714 050
1549 4668 1596 4716 ιη
1622 4651 1755 4715 ianuarii
1777 4667 1861 4714 anno
1883 4666 2045 4714 floccum·

577 4718 644 4795 lpsa
666 4725 774 4780 autem
797 4717 878 4780 circa
900 4725 1038 4795 cuatuor
1060 4725 1185 4780 versata
1207 4725 1267 4792 cst,
1281 4719 1327 4782 ni·
1807 4734 1813 4746 ·

577 4811 698 4872 mirum
708 4811 826 4872 Eorum
839 4809 1100 4884 ecclesiasticum,
1111 4811 1246 4874 Tabulas
1256 4827 1329 4874 cen·
1423 4815 1470 4878 Ad
1492 4815 1686 4877 dirimendas
1708 4828 1928 4892 quascumque
1948 4819 2135 4876 controver-

577 4919 642 4974 sus,
659 4901 834 4976 Nundiuas‚
851 4903 983 4967 demum
999 4904 1211 4969 coemeteria.
1229 4906 1328 4969 Porro
1383 4911 1444 4972 sias
1478 4909 1559 4972 circa
1602 4907 1797 4970 validitatem
1834 4907 2132 4978 matrimoniorum.

578 4995 675 5059 rebus
697 4999 800 5074 quoad
822 4999 885 5061 dno
908 4999 1014 5077 priora
1034 5000 1230 5079 compositis,
1253 4997 1329 5062 San·
1383 5018 1466 5081 quae
1500 5002 1533 5064 in
1568 5001 1672 5064 insule
1701 5000 1856 5064 llelitensi
1885 5000 2132 5071 contrabuntur,

577 5091 738 5154 ctissimus
761 5091 915 5155 Dominus
937 5092 1052 5156 Noster
1074 5093 1138 5158 Leo
1160 5094 1239 5172 Papa
1261 5093 1328 5156 lllll
1385 5095 1504 5160 SSmus
1526 5096 1680 5158 Dominus
1701 5093 1818 5157 Noster
1843 5093 1908 5156 Leo
1930 5093 2038 5157 divina
2060 5093 2134 5156 Pro-

578 5185 676 5248 satius
698 5186 790 5249 duxit
810 5202 846 5248 ea
861 5203 942 5265 quae
956 5187 1114 5250 nundinas
1131 5186 1329 5250 etnonnulla
1383 5189 1525 5252 videntia
1547 5189 1627 5268 Papa
1659 5187 1737 5260 lllll,
1771 5187 1934 5252 referente
1962 5203 2015 5250 me
2037 5187 2132 5250 intra-

578 5293 659 5356 quae
688 5278 895 5344 Goemeteria
918 5287 1071 5360 spectant,
1105 5281 1328 5360 potiusquam
1384 5283 1504 5362 scripto
1526 5281 1704 5346 Secretario
1727 5281 1759 5346 S.
1782 5281 2050 5360 dangregationis
2072 5280 2132 5344 Ne-

578 5372 793 5437 Couventioni
808 5374 986 5448 includere,
1003 5391 1061 5454 per
1076 5373 1244 5454 epistolam
1259 5375 1329 5439 llei-
1385 5378 1480 5455 gotiis
1502 5375 1729 5439 Ecclesiasticis
1754 5375 2023 5438 Extraordinariis
2047 5391 2134 5454 prae·

579 5466 724 5545 publicae
751 5468 913 5547 Episcopis
936 5468 1056 5533 deterri
1089 5477 1121 5532 et
1151 5470 1330 5533 communi·
1385 5471 1516 5550 positae,
1540 5471 1617 5534 haec
1639 5485 1719 5547 quae
1736 5475 1918 5547 sequuntur
1932 5485 1991 5547 pro
2010 5476 2134 5547 aposto-

579 5561 654 5633 cari‚
671 5577 817 5640 quaeque
830 5562 916 5625 bisce
931 5564 1052 5626 adnexa
1065 5563 1211 5628 sublicio.
1235 5563 1316 5628 Nem
1385 5564 1446 5628 lico
1461 5579 1521 5628 suo
1543 5579 1679 5626 munere
1700 5563 1810 5626 statuit
1831 5563 2051 5625 decernenda:

580 5671 619 5734 pe
641 5655 800 5736 imprimis
822 5657 908 5735 quod
930 5659 1087 5721 nundinas
1108 5659 1237 5721 attinet:
1427 5655 1471 5738 ¹⁰)
1493 5658 1691 5720 Matrimonia
1713 5658 1790 5719 inita
1805 5656 1857 5718 vel
1876 5657 2016 5719 ineunda
2037 5657 2075 5720 ab
2095 5655 2133 5717 iis

622 5748 663 5812 1⁰.
686 5749 887 5814 Subernium
909 5753 1046 5830 spondet
1066 5771 1100 5816 ac
1121 5755 1235 5831 recipit
1259 5769 1330 5816 sese
1386 5752 1536 5815 omnibns
1558 5753 1611 5829 qui
1635 5751 1821 5814 catholicam
1844 5751 2039 5828 profitentur
2060 5747 2134 5813 reli-

579 5843 799 5921 interponere‚
823 5844 861 5906 iis
883 5845 1032 5908 adhibitis
1054 5845 1231 5910 rationibus
1252 5861 1330 5924 quas
1386 5845 1527 5924 giorum,
1552 5845 1621 5906 sive
1648 5845 1734 5923 quod
1769 5851 1908 5921 uterque
1942 5843 2134 5908 contrahens

581 5954 599 5999 e
622 5954 657 6000 re
679 5937 750 6000 tore
771 5939 953 6002 censuerit:
1386 5941 1428 6002 sit
1448 5939 1634 6012 catholicus,
1651 5939 1719 6000 sive
1740 5939 1827 6017 quod
1848 5937 1929 6001 alter
1950 5935 2134 6000 sitcatboli·

1402 4392 1571 4456 Decretum
1596 4393 1628 4458 S.
1656 4393 1688 4458 G.
1713 4393 1855 4476 Negotiis
1882 4393 2115 4458 Ecclesiastics'r

1500 4487 1787 4552 Ectroordt'ooris'e
1804 4487 2017 4568 praepositae.
