4814 6992
324 1560 378 1615 An.
393 1560 419 1614 C.
435 1559 502 1615 boot

1066 586 1132 631 lbrt.
1156 585 1248 630 bour.
1272 585 1312 628 bs
1335 585 1364 628 P.
1390 583 1418 628 1¹⁴.
1444 583 1526 630 PARS
1549 584 1570 628 l.

1070 1059 1310 1140 ΟΙ.ΕΜΕΝ8
1347 1059 1476 1138 ΡΑΡΑ
1508 1059 1573 1137 ΙΧ.

907 1545 929 1606 l.

546 1733 714 1797 Custodiae
739 1749 830 1814 proc.
859 1733 933 1796 Ord.
958 1733 1039 1794 liin.
1071 1731 1101 1795 S.
1126 1733 1296 1795 Francisci

587 1829 844 1895 lectuli-ocatur,
868 1828 965 1890 iusto
980 1827 1119 1895 rrrodum,
1136 1825 1295 1886 custodem

584 1923 673 2001 eligit
693 1921 750 2000 (l).

744 2103 932 2172 CLEMENS
960 2105 1021 2171 ΡΡ.
1047 2105 1093 2170 tt.

823 2293 939 2360 dilecte
961 2293 1018 2371 tili,

578 2387 708 2454 salutem
732 2392 763 2452 et
786 2387 983 2469 apostolicam
1008 2387 1261 2454 benedictionem.

584 2577 602 2651 ἓ
620 2577 647 2636 l.
660 2575 837 2652 Religionis
854 2575 954 2644 aelus,
969 2575 1033 2636 vita
1048 2593 1082 2636 ac
1099 2593 1226 2638 morum
1241 2576 1296 2637 bo-

544 2675 661 2741 nestas,
679 2668 803 2745 aliaque
819 2667 987 2729 laudabilia
1003 2669 1170 2746 probitatis
1186 2677 1218 2731 et
1232 2670 1296 2730 vir-

544 2769 650 2824 tutum
671 2763 798 2834 merita,
814 2775 913 2838 super
929 2762 1046 2839 quibus
1060 2764 1144 2840 apud
1159 2779 1217 2824 nos
1234 2765 1296 2826 lide

545 2856 643 2934 digno
665 2855 900 2919 commendaris
917 2857 1113 2924 testimonio,
1130 2873 1189 2918 nos
1205 2858 1297 2920 indu-

544 2955 631 3018 cunt,
655 2954 691 3009 ut
712 2948 769 3009 tibi
787 2951 961 3027 reddamur
977 2949 1014 3010 ad
1031 2952 1165 3025 gratiani
1182 2951 1295 3012 libera-

544 3042 602 3104 les.
627 3043 735 3118 ltaque
758 3043 1021 3114 dissentionibus,
1040 3061 1120 3121 quae
1135 3046 1221 3107 inter
1236 3047 1296 3107 lra-

545 3144 611 3197 tres
633 3137 672 3198 de
695 3135 897 3198 observantia
914 3145 945 3198 et
960 3137 1152 3200 reformatos
1175 3155 1297 3201 nuncu-

545 3236 633 3308 patos
656 3230 818 3291 custodiae
835 3231 1083 3308 Transylvaniae
1099 3231 1226 3294 Ordinis
1243 3233 1297 3296 bli-

545 3339 662 3384 norum
686 3323 717 3384 S.
743 3321 900 3386 Francisci
922 3339 1020 3402 super
1042 3326 1200 3388 electione
1221 3329 1296 3389 novi

544 3415 683 3478 custodis
705 3415 910 3494 provincialis
933 3417 1094 3479 custodiae
1112 3419 1297 3483 huiusmodi

546 3508 667 3571 exoriri
684 3517 824 3587 possent,
842 3509 991 3587 pastorali
1011 3511 1226 3574 sollicitudine
1246 3531 1296 3576 oc-

446 3618 456 3630 ·
545 3618 678 3664 currere
694 3603 872 3680 cupientes,
890 3619 923 3664 ac
939 3603 977 3664 de
995 3611 1045 3664 tua
1062 3605 1136 3672 lide,
1158 3608 1297 3682 pruden-

546 3696 597 3768 tia,
621 3697 818 3772 integritate,
836 3697 1010 3773 vigilantia,
1032 3698 1184 3760 charitate
1200 3708 1232 3760 et
1247 3717 1297 3761 re-

545 3789 674 3867 ligionis
692 3790 763 3851 zelo
779 3789 956 3867 plurimum
974 3791 1006 3852 in
1023 3791 1159 3853 llomino
1171 3795 1294 3866 contisi,

546 3891 642 3959 teque
666 3881 720 3960 qui
742 3884 792 3962 (nt
813 3883 1005 3962 accepimns)
1028 3885 1127 3946 irater
1142 3885 1296 3949 reforma·

546 3984 597 4039 tus
619 3993 772 4055 expresse
788 3977 952 4055 protessus
968 3979 1114 4041 eiusdem
1134 3981 1296 4042 custodiae

546 4071 668 4142 existis,
702 4071 892 4149 specialibus
929 4071 1091 4133 favoribus
1125 4080 1157 4154 et
1189 4075 1296 4151 gratiis

546 4165 698 4242 prosequi
719 4166 879 4234 volentes,
897 4175 929 4228 et
950 4167 1149 4244 aqnibnsvis
1170 4185 1296 4230 excom-

1351 1543 1533 1620 apostolica,
1561 1551 1675 1606 tenore
1706 1547 1934 1622 praesentium,
1963 1564 2021 1626 pro
2047 1548 2104 1611 bac
2141 1552 2235 1608 nnc.
2254 1552 2331 1608 1667

1351 1636 1420 1698 vice
1443 1637 1643 1700 instituimus
1664 1644 1697 1700 et
1726 1640 1928 1716 deputamus,
1953 1643 2038 1704 salva
2062 1650 2104 1704 ta-

1352 1746 1426 1791 men
1439 1747 1569 1808 semper
1581 1732 1611 1792 in
1626 1731 1808 1809 praemissis
1822 1735 2011 1797 auctoritate
2023 1736 2104 1798 Con-

1352 1824 1549 1902 gregationis
1565 1825 1757 1886 eorumdem
1773 1825 2001 1888 cardinalium.
2021 1829 2104 1892 Man-

1321 1880 1323 1943 i
1352 1917 1462 1978 dantes
1496 1925 1661 1994 praeterea
1684 1921 1716 1980 in
1739 1920 1860 1980 virtute
1882 1929 2007 1984 sanctae
2030 1925 2105 1986 obe-

1351 2009 1501 2080 dientiae,
1516 2029 1549 2072 ac
1561 2012 1620 2072 sub
1636 2012 1865 2089 indignationis
1881 2023 2009 2078 nostrae
2022 2017 2104 2078 aliis-

1322 2188 1323 2199 *
1351 2119 1415 2182 que
1443 2106 1566 2166 arbitrii
1596 2106 1697 2167 nostri
1728 2107 1858 2183 poenis,
1890 2111 2039 2172 omnibus
2073 2120 2105 2177 et

1351 2199 1487 2275 singulis
1501 2199 1601 2261 diotae
1617 2201 1780 2262 custodiae
1795 2203 2027 2280 superioribus,
2046 2207 2105 2268 lra-

1350 2293 1454 2353 tribus
1477 2299 1508 2354 et
1530 2293 1687 2371 personis,
1716 2295 1927 2372 caeterisque,
1959 2299 1994 2358 ad
2023 2315 2104 2376 quos

1350 2393 1470 2464 spectat
1492 2393 1524 2448 et
1546 2403 1602 2464 pro
1624 2395 1770 2466 ternpore
1785 2391 1950 2467 spectabit,
1968 2400 2004 2454 ut
2020 2401 2050 2456 te
2065 2396 2102 2457 ad

1351 2479 1577 2542 demandatum
1603 2482 1658 2543 tibi
1681 2499 1739 2559 per
1761 2493 1947 2560 praesentes
1963 2491 2103 2552 custodis

1352 2573 1491 2634 olilcinm
1508 2575 1642 2651 eiusque
1655 2575 1795 2637 liberum
1809 2579 1999 2642 exercitium
2017 2583 2104 2646 iuxta

1351 2667 1537 2728 earumdem
1554 2673 1699 2730 tenorem
1714 2673 1932 2747 praesentium
1950 2677 2105 2754 recipiant

1352 2765 1384 2820 et
1405 2760 1583 2830 admittant.
1602 2761 1724 2838 tibique
1747 2764 1779 2824 in
1796 2766 1945 2828 omnibus
1963 2771 2103 2833 officium

1352 2853 1537 2914 huiusmodi
1560 2859 1828 2920 concernentibus
1856 2859 1982 2924 faveant
2003 2871 2036 2925 et
2057 2883 2104 2926 as·

1351 2946 1473 3016 sistant,
1491 2955 1622 3023 pareant
1643 2955 1675 3010 et
1698 2950 1848 3012 obediant
1863 2957 2059 3032 respective:

1391 3041 1409 3114 ἓ
1430 3040 1459 3100 2.
1478 3039 1521 3102 ac
1537 3042 1747 3104 decernentes
1764 3045 1845 3122 ipsas
1867 3059 2051 3124 praesentes
2068 3053 2103 3114 li-

1352 3139 1435 3193 teras
1458 3134 1577 3204 srrmas,
1602 3136 1721 3198 validas
1745 3145 1776 3198 et
1799 3139 1940 3202 efficaces
1963 3146 2104 3209 existere

1352 3234 1384 3287 et
1405 3227 1486 3297 lore,
1511 3245 1650 3306 suosque
1674 3231 1833 3308 plenarios
1851 3241 1883 3294 et
1898 3237 2043 3314 integros
2060 3241 2104 3302 el-

1352 3320 1454 3380 lectns
1476 3322 1583 3382 sortiri
1607 3329 1639 3384 et
1654 3324 1812 3396 obtinere,
1831 3343 1863 3388 ac
1881 3328 1935 3388 tibi
1953 3331 1985 3392 in
2003 3336 2104 3395 orani·
2150 3365 2152 3369 v

1352 3413 1411 3474 bus
1434 3421 1466 3474 et
1488 3429 1544 3490 per
1567 3417 1672 3477 omnia
1705 3418 1891 3494 plenissime
1921 3425 2100 3504 subrogari,

1351 3505 1461 3582 sicque
1477 3523 1534 3584 per
1550 3523 1771 3588 quoscumque
1788 3513 1908 3577 iudices
1925 3517 2103 3581 ordinarios

1352 3605 1384 3659 et
1400 3598 1574 3676 delegatos,
1597 3603 1691 3663 etiam
1715 3623 1881 3669 cansarum
1906 3611 2008 3687 palatii
2032 3631 2104 3692 apo·

1350 3693 1958 3764 stolicianditores,iudicarietdeiiniri
1972 3705 2101 3776 debere,

1352 3805 1385 3850 ac
1408 3789 1535 3850 irritum
1560 3797 1592 3850 et
1613 3791 1718 3862 inane,
1742 3794 1767 3854 si
1790 3795 1865 3870 auid
1888 3812 1979 3858 secus
2006 3815 2103 3878 super

1352 3881 1400 3942 bis
1422 3899 1437 3942 a
1457 3897 1618 3960 quoquam
1635 3886 1746 3960 quavis
1762 3890 1948 3952 auctoritate
1964 3893 2103 3955 scienter

1352 3975 1404 4036 vel
1427 3976 1614 4052 ignoranter
1637 3978 1810 4055 contigerit
1831 3985 1995 4044 attentari:

1392 4069 1461 4142 §tt
1492 4067 1561 4130 Non
1592 4069 1791 4132 obstantibus
1823 4075 2103 4140 constitutonibus

1353 4169 1384 4223 et
1406 4163 1659 4224 ordinationibus
1683 4167 1861 4242 apostolicis
1881 4186 1926 4240 ac,
1945 4179 2102 4246 atrabenus

546 4258 780 4330 manicationis,
815 4260 1033 4338 suspensionis
1063 4269 1095 4322 et
1121 4262 1295 4335 interdicti,
1353 4271 1432 4332 obus
1454 4255 1505 4324 Sil.
1530 4257 1691 4336 custodiae
1716 4265 1748 4318 el
1769 4257 1895 4322 Ordinis
1920 4263 2103 4328 huiusmodi

545 4352 678 4427 aliisque
701 4353 920 4414 ecclesiasticis
943 4355 1123 4425 sententiis,
1152 4358 1296 4418 censuris
1324 4354 1326 4444 l
1353 4349 1448 4410 eliam
1463 4349 2102 4434 ibtbmessw.COssfillsssstiolleallOStOlica.

547 4453 580 4507 et
600 4446 711 4523 poenis
732 4447 834 4507 ainre
850 4446 902 4508 vel
918 4447 955 4508 ab
972 4448 1103 4510 bomine
1120 4450 1231 4526 quavis
1248 4466 1296 4512 οε.
1353 4442 1405 4504 vel
1428 4443 1539 4518 attavis
1562 4443 1713 4506 llrmitate
1735 4445 1793 4506 alia
1824 4448 1979 4511 roboratis
2008 4459 2104 4514 statu-

546 4539 671 4602 casione
693 4541 746 4602 vel
768 4557 859 4602 cansa
881 4541 962 4612 latis,
980 4542 1005 4602 si
1025 4541 1140 4618 auibus
1164 4557 1297 4619 quomo·
1354 4537 1392 4596 tis
1408 4543 1440 4596 et
1455 4537 1753 4608 consuetudinibus,
1769 4540 1945 4618 privilegiis
1962 4559 2102 4622 quoque,

547 4633 668 4696 dolibet
678 4634 848 4696 innodatus
862 4635 982 4706 existis,
997 4636 1033 4697 au
1045 4635 1196 4698 effectum
1210 4654 1298 4715 prae.
1354 4630 1487 4692 indultis
1503 4639 1535 4692 et
1550 4631 1652 4692 literis
1668 4633 1849 4710 apostolicis
1862 4635 1893 4696 in
1906 4641 2104 4701 contrarium

547 4729 688 4791 sentium
710 4729 874 4790 dumtaxat
888 4731 1165 4806 consequendum,
1183 4731 1297 4793 barum
1353 4728 1604 4803 praemissorum
1628 4728 1733 4790 lorsan
1757 4731 2001 4806 quomodolibet
2031 4751 2104 4796 con-

547 4823 631 4884 serie
652 4821 866 4892 absolventes,
891 4821 1118 4884 etabsolutum
1142 4823 1298 4886 iorecen-
1353 4821 1464 4891 cessis,
1496 4821 1690 4882 confirmatis
1720 4831 1752 4883 et
1781 4821 1952 4885 innovatis.
1983 4825 2104 4899 Quibus

547 4922 667 4986 sentes,
691 4917 730 4977 dc
751 4916 987 4977 venerabilium
1015 4915 1150 4977 fratrum
1174 4927 1298 4980 nostro·
1354 4913 1504 4974 omnibus
1525 4921 1558 4975 et
1573 4915 1721 4992 singulis,
1738 4915 1869 4977 illorum
1886 4923 2000 4980 tenore
2016 4936 2104 4998 prae-

547 5027 619 5072 rum
644 5009 674 5072 S.
699 5009 734 5071 R.
758 5011 794 5070 E.
818 5009 1035 5072 cardinalium
1062 5011 1200 5087 negotiis
1223 5012 1297 5074 Pro·
1353 5009 1498 5070 sentibus
1522 5024 1580 5085 pro
1603 5010 1698 5086 plene
1715 5019 1747 5071 et
1761 5011 1958 5073 sufficienter
1974 5028 2104 5092 expres-

546 5105 707 5183 pagandae
728 5104 814 5165 Fidei
829 5104 1085 5182 praepositorum
1102 5105 1247 5178 consilio,
1268 5115 1297 5168 te
1352 5103 1394 5162 sis
1417 5111 1449 5163 et
1471 5103 1600 5164 insertis
1624 5103 1791 5175 babentes,
1810 5105 1872 5166 illis
1888 5105 1962 5168 alias
1978 5123 2037 5170 suo
2054 5125 2104 5171 ro·

547 5204 742 5260 memoratae
754 5199 916 5260 custodiae
932 5197 1178 5276 Transylvaniae
1194 5208 1297 5263 custo-
1353 5197 1432 5258 bore
1454 5198 1684 5274 permansuris,
1703 5197 1740 5258 ad
1756 5200 2007 5276 praemissorum
2030 5203 2105 5264 elle-

547 5293 620 5354 dem
643 5291 873 5369 provincialem
896 5293 932 5354 ad
957 5297 1095 5369 tempus,
1121 5308 1185 5370 arro
1215 5295 1297 5356 eius·
1352 5297 1440 5351 ctam
1474 5290 1530 5350 bac
1562 5291 1632 5352 vice
1665 5291 1830 5354 dumtaxat
1860 5293 2040 5370 specialiter
2073 5303 2105 5356 et

547 5385 633 5447 modi
649 5386 811 5447 custodiae
827 5383 966 5446 olllcium
982 5385 1099 5446 durare
1118 5389 1295 5460 consuevit,
1353 5399 1506 5460 expresse
1529 5383 1733 5461 derogamus,
1758 5387 1956 5462 caeterisque
1979 5394 2102 5450 contra-

546 5465 1297 5557 cum'omnibusetsingulisfacultatibusprae-
1353 5477 1408 5538 riis
1431 5475 1700 5554 quibuscumque.

547 5571 742 5649 eminentiis,
759 5571 1001 5650 praerogativis,
1018 5573 1217 5643 auctoritate,
1234 5573 1297 5650 pri·
1393 5571 1507 5632 Datum
1534 5570 1664 5644 Romae,
1693 5573 1774 5650 apud
1798 5571 1829 5634 S.
1855 5573 1982 5636 blariarn
2011 5575 2104 5637 blaio·

547 5663 686 5741 vilegiis‚
711 5664 831 5741 gratiis,
856 5673 887 5726 et
907 5665 1039 5726 indultis
1062 5683 1096 5727 ac
1120 5666 1296 5727 bonoribus
1352 5680 1423 5726 rem
1438 5665 1498 5726 sub
1513 5665 1631 5727 annulo
1644 5665 1821 5738 Piscatoris,
1836 5667 1964 5729 diexvr.
1979 5669 2105 5730 decem·

547 5763 580 5818 et
594 5757 746 5819 oneribus
760 5757 862 5819 solitis
877 5765 909 5819 et
923 5758 1093 5830 consuetis,
1110 5759 1297 5821 auctoritate
1353 5757 1418 5819 bris
1440 5774 1619 5830 dcccxvii,
1643 5759 1845 5836 pontificatus
1865 5761 1967 5822 nostri
1982 5779 2065 5822 anno
2081 5780 2102 5823 r.

588 5977 617 6032 (1)
633 5974 725 6020 Tabul.
741 5977 833 6030 congr.
850 5974 881 6018 do
896 5975 921 6017 Ρ.
938 5975 964 6017 F.
981 5973 1112 6018 scrittnre
1127 5973 1228 6018 riser-ite
1243 5975 1289 6017 etc.
1306 5971 1440 6028 Ungberia
1454 5971 1646 6026 Transilvania,
1662 5971 1711 6018 vol.
1728 5974 1755 6024 1.,
1771 5981 1828 6027 pag.
1846 5973 1891 6016 184.
