4756 6994
319 609 373 664 An.
387 607 415 665 G.
430 607 497 664 llll
555 607 594 670 92

535 742 684 820 spiritum
706 742 834 805 fortiter
857 743 1011 815 toleratis,
1035 744 1154 806 bonum
1188 747 1286 804 certa-

537 851 610 897 men
622 837 765 907 certavit,
783 853 912 898 cursum
928 837 1175 908 consummavit,
1191 835 1284 896 fldem

536 930 687 990 servavit.
720 928 798 1003 Quid
832 945 911 1006 ergo
944 929 1107 1006 reliquum
1137 937 1195 1000 est,
1227 928 1287 989 nisi

536 1023 620 1098 quod
637 1031 669 1085 et
684 1026 801 1085 merito
817 1025 912 1086 etiam
929 1039 1098 1102 speremus
1114 1023 1286 1102 repositam

537 1115 565 1177 ei
589 1115 686 1178 luisse
716 1133 863 1178 coronant
895 1117 1055 1180 institiaet
1087 1118 1129 1178 lta
1159 1133 1234 1178 sane
1257 1123 1289 1178 et

454 1235 458 1244 ·
537 1212 620 1270 iuste
642 1225 772 1288 sperare
795 1227 852 1272 nos
875 1212 1037 1274 convenit.
1062 1209 1196 1281 Verum,
1215 1210 1288 1286 quia

537 1303 568 1363 id
591 1302 663 1364 iacit
684 1304 822 1364 humana
837 1304 1002 1382 tragilitas,
1019 1313 1055 1365 ut
1070 1305 1108 1366 de
1126 1303 1287 1365 mundano

538 1396 673 1474 pulvere
694 1400 789 1460 etiam
812 1398 961 1474 religiosa
983 1399 1077 1460 corda
1099 1413 1192 1474 saepe
1221 1411 1288 1458 sor·

538 1489 683 1562 destant,
718 1497 826 1552 nostra
858 1506 915 1569 pru
948 1491 1090 1554 defuncti
1112 1490 1287 1552 Cardinalis

537 1581 641 1642 anima
670 1581 707 1642 ad
735 1581 834 1642 ileum
867 1597 978 1660 preces
1010 1589 1106 1659 atque
1137 1581 1287 1660 suffragia

538 1675 661 1746 deesse,
688 1675 878 1736 christianae
902 1676 1040 1738 caritatis
1055 1677 1135 1738 ratio
1156 1693 1220 1738 non
1237 1693 1287 1755 pa-

538 1767 627 1831 titur.
657 1768 689 1830 ld
719 1775 751 1830 et
782 1769 929 1846 privatim
962 1769 1114 1832 hactenus
1142 1787 1198 1831 nos
1228 1771 1287 1849 ipsi

537 1861 663 1939 saepius
684 1877 781 1938 agere
804 1877 868 1924 nen
899 1862 1078 1935 omisimus,
1110 1881 1155 1935 ac,
1179 1871 1214 1924 ut
1234 1863 1288 1925 ali-

538 1955 613 2032 quid
631 1962 758 2032 praeter
774 1971 897 2017 morem
914 1971 990 2032 erga
1003 1956 1147 2018 insuetae
1161 1958 1288 2018 virtutis

539 2049 600 2108 viri
623 2050 811 2110 memoriam
842 2065 1043 2126 peragamus,
1079 2049 1213 2128 publicis
1241 2051 1288 2112 in-

539 2157 637 2220 super
652 2142 685 2202 in
698 2142 860 2218 pontificio
876 2151 986 2204 nostro
1001 2143 1117 2206 sacello
1130 2146 1287 2222 exequiis,

539 2241 617 2295 stata
639 2233 690 2296 die
718 2233 810 2294 vobis
839 2235 1017 2308 indicenda,
1054 2235 1191 2298 solemni
1223 2239 1287 2300 ritu

540 2326 781 2403 praestabimus.
806 2326 944 2388 Firnram
973 2330 1103 2390 interim
1136 2330 1168 2392 in
1197 2347 1288 2409 spem

540 2419 729 2482 adducimur
744 2418 824 2491 iore,
842 2428 877 2482 ut
891 2421 1066 2484 Cardinalis
1082 2423 1120 2485 de
1137 2425 1289 2488 Tournon

540 2513 704 2575 sinensem
720 2514 918 2587 missionem,
933 2529 1027 2592 quarn
1041 2517 1153 2578 vivens
1165 2518 1288 2590 dilexit,

540 2605 675 2668 etiame
708 2607 838 2669 coelesti
865 2609 1001 2671 statione
1027 2610 1168 2687 benigno
1198 2613 1289 2674 vultu

541 2699 700 2777 respicere
722 2717 787 2762 non
810 2702 1015 2780 dedignetur,
1040 2719 1161 2781 suaque
1184 2721 1244 2783 ope
1259 2707 1288 2766 id

542 2794 573 2854 in
596 2793 708 2870 primis
724 2793 847 2866 efficiat,
862 2803 898 2856 ut
912 2797 995 2872 qnod
1013 2797 1081 2873 ipsc
1096 2799 1197 2859 anxiis
1212 2800 1291 2861 adeo

543 2887 626 2948 votis
648 2889 821 2965 exoptavit,
855 2889 973 2950 evulsis
1007 2891 1135 2952 tandem
1168 2909 1207 2953 ex
1237 2893 1291 2955 illo

542 2997 631 3058 agro,
646 2996 726 3058 quae
738 2981 886 3044 inimicus
900 2983 997 3046 homo
1009 2988 1290 3064 superseminavit,

544 3073 685 3146 zizaniis,
709 3075 881 3148 catholicae
903 3077 977 3138 ildei
999 3095 1091 3154 seges
1113 3080 1178 3143 illic
1200 3083 1292 3144 relle-

544 3175 656 3238 rescat‚
680 3173 713 3229 et
727 3169 763 3229 ad
786 3168 939 3230 nraiorem
956 3171 1055 3233 divini
1072 3175 1210 3236 nominis
1226 3177 1292 3252 glo·

544 3262 624 3322 riam
646 3261 778 3324 uberius
801 3262 833 3323 in
856 3263 923 3324 dies
947 3264 1189 3344 multiplicetur.

789 3462 1051 3472 ——-—-.-...

885 3640 949 3702 llll.

545 3827 631 3888 Nouo
654 3826 839 3906 Aethiopiae
852 3827 920 3906 rapi
934 3829 1074 3908 caplicct
1089 3829 1292 3900 desideriam,

585 3918 666 3997 quod
679 3919 765 3980 illius
777 3920 998 3998 praedecessor
1011 3922 1182 4001 destructas
1194 3929 1294 3984 osten-

586 4011 689 4081 deret,
714 4013 923 4092 amplectendi
945 4014 1135 4078 catholicum
1149 4015 1241 4096 fidem
1258 4035 1295 4079 oc

586 4105 738 4167 unionem
752 4121 831 4168 'ctera
855 4105 886 4167 S.
905 4105 941 4168 B.
962 4107 998 4169 Ε.
1017 4108 1060 4170 De
1075 4109 1228 4172 dochiaci
1243 4129 1306 4184 rte-⁴

587 4200 671 4280 potio
692 4200 763 4278 fuse
782 4199 919 4270 disserit,
943 4203 1107 4282 ipsumque
1128 4213 1297 4285 regemari

586 4300 820 4375 pertractatam
846 4295 997 4356 ultionem
1023 4297 1179 4377 perficiat,
1203 4299 1297 4362 coice

588 4389 750 4452 bortatur.

576 4573 684 4641 illustri
706 4591 743 4640 ac
766 4575 976 4657 potentissimo
999 4575 1061 4658 regi
1085 4575 1272 4662 Aethiopiae,

749 4759 937 4826 clemens
964 4761 1025 4826 ΡΡ.
1049 4761 1096 4828 ΧΙ.

672 4951 798 5018 illustris
822 4969 859 5018 ao
882 4952 1094 5034 potentissime
1117 4969 1178 5032 rex,

629 5046 811 5112 salutemet
834 5047 930 5112 lumen
953 5045 1068 5112 divinae
1091 5051 1218 5129 gratiae.

592 5235 728 5298 chrem
744 5236 835 5312 plane
850 5235 952 5297 solatii
969 5245 1000 5298 et
1012 5237 1118 5312 gaudii
1131 5237 1297 5298 materiem

550 5328 772 5405 superioribus
794 5329 883 5389 annis
905 5328 996 5389 nobis
1018 5329 1123 5391 attulit
1137 5331 1296 5406 quondam

551 5421 702 5500 Iosephus
724 5421 762 5483 ab
785 5421 996 5488 Hierusalem,
1013 5421 1140 5484 Ordinis
1163 5423 1297 5485 fratrum

551 5517 713 5578 minorum
738 5514 842 5578 Sancti
865 5515 1020 5576 Francisci
1048 5517 1217 5577 strictioris
1246 5517 1299 5579 ob·

550 5611 740 5680 servantiae,
764 5609 841 5670 dum
863 5608 999 5680 viveret,
1029 5607 1201 5695 professor,
1225 5627 1298 5670 curn

551 5721 678 5781 arege‚
711 5711 784 5765 tunc
814 5702 967 5778 temporis
998 5701 1197 5780 Aethiopiam
1222 5703 1300 5764 obti-

553 5805 661 5869 nente,
686 5796 720 5857 ad
745 5811 802 5857 nos
825 5795 980 5872 allegatus
997 5795 1086 5873 plura
1102 5796 1193 5857 nobis
1209 5797 1300 5872 regio

553 5892 682 5952 nomine
704 5906 810 5952 coram
834 5889 982 5966 exposuit
1003 5890 1042 5950 de
1071 5889 1206 5966 ingenti,
1237 5905 1301 5966 quo

553 5986 636 6047 idem
654 6001 711 6046 rex
728 5983 907 6053 tenebatur,
925 5982 1095 6053 desiderio,
1113 5984 1231 6044 nedum
1247 5997 1301 6044 ve·

1056 627 1120 671 tun.
1146 625 1237 670 PONT.
1261 625 1301 670 DE
1324 625 1352 669 P.
1377 623 1407 668 il.
1432 623 1515 668 ΡΑΗΒ
1537 624 1558 668 Ι.

1344 757 1411 802 ram
1434 759 1467 804 ac
1496 741 1653 804 sinceram
1681 755 1756 802 cum
1787 740 1843 801 hac
1868 738 2008 801 Romana
2036 737 2092 799 Ec-

1341 834 1437 896 clesia
1459 834 1491 896 in
1515 833 1715 912 prolessione
1731 833 1886 910 cultuque
1901 831 2092 894 christianae

1343 928 1415 989 lidei
1449 929 1606 990 unitatem
1638 927 1868 1004 amplectendi.
1905 925 1960 987 sed
1996 925 2091 986 etiarn

1343 1022 1493 1100 exemplo
1515 1029 1547 1084 et
1568 1024 1756 1083 auctoritate
1778 1035 1833 1081 sua
1854 1019 2025 1090 efficiendi,
2058 1025 2094 1080 ut

1343 1115 1377 1176 ad
1402 1131 1470 1178 earn
1494 1115 1667 1176 ineundam
1683 1114 1898 1176 adduceretur
1917 1112 2020 1190 ampla
2035 1113 2093 1174 ista

1343 1209 1440 1278 natio,
1476 1210 1535 1270 troc
1567 1208 1636 1287 ipso
1670 1207 1800 1269 nomine
1833 1207 1908 1268 olim
1942 1205 2090 1276 celebris,

1342 1303 1426 1378 quod
1452 1302 1596 1364 haustam
1619 1302 1656 1363 ab
1678 1301 1753 1378 ipsis
1776 1299 1934 1362 Ecclesiae
1957 1299 2092 1377 primor-

1343 1396 1401 1457 diis
1424 1395 1610 1458 catholicam
1632 1394 1801 1456 veritatem
1817 1393 1872 1456 diu
1887 1393 2026 1456 fideliter
2041 1409 2093 1454 cu-

1341 1489 1521 1560 stodiverit,
1536 1505 1570 1549 ac
1582 1489 1685 1564 regias
1699 1495 1862 1566 praeterea
1875 1487 1996 1548 litteras
2008 1486 2092 1548 idern

1342 1581 1494 1660 Iosephus
1518 1581 1609 1642 nobis
1630 1580 1770 1642 reddidit
1794 1579 1917 1657 prolixe
1945 1585 1977 1640 et
2006 1579 2093 1661 lucu-

1343 1676 1448 1742 lenter
1470 1675 1608 1753 idipsum
1630 1674 1886 1752 comprobantes.

1382 1771 1400 1844 ἓ
1424 1769 1451 1830 l.
1469 1767 1522 1830 llis
1538 1769 1625 1830 enim
1641 1766 1765 1838 auditis,
1785 1781 1930 1844 magnam
1950 1766 2093 1844 prolecto

1343 1862 1375 1923 in
1397 1878 1488 1940 spent
1505 1862 1604 1923 erecti
1620 1859 1740 1924 luimus
1758 1861 1835 1922 tanti
1852 1859 1937 1932 boni,
1955 1861 2092 1938 acquod

1344 1973 1401 2034 pro
1423 1955 1508 2018 virili
1531 1964 1620 2033 parte
1637 1955 1906 2033 promovendum,
1926 1963 2093 2032 postquam

1344 2048 1559 2125 omnipotenti
1581 2049 1656 2120 lleo,
1688 2047 1743 2124 qui
1772 2047 1842 2108 lons
1870 2055 1919 2110 est
1948 2055 1980 2109 et
2002 2048 2092 2124 origo

1343 2143 1503 2205 bonorum
1527 2142 1685 2212 omnium,
1715 2141 1748 2202 in
1775 2141 1958 2203 humilitate
1990 2143 2094 2204 cordis

1344 2236 1446 2297 nostri
1469 2235 1585 2312 gratias
1614 2234 1752 2311 egimus,
1781 2235 1931 2296 eumdem
1966 2235 2094 2311 religio·

1343 2345 1415 2390 snm
1430 2330 1535 2390 virum
1552 2330 1584 2390 in
1598 2328 1798 2406 Aethiopiam
1815 2328 2011 2400 remisimus,
2026 2337 2094 2390 tum

1346 2431 1379 2483 ut
1409 2429 1517 2484 mutua
1547 2429 1696 2500 paternae
1727 2430 1854 2484 nostrae
1882 2423 2019 2484 caritatis
2051 2422 2093 2484 oi·

1344 2514 1413 2576 licia
1434 2515 1505 2590 regi
1528 2514 1681 2587 deierret‚
1707 2516 1905 2588 tumetium,
1936 2523 1972 2577 ut
2000 2531 2095 2594 expe·

1345 2607 1458 2668 dienda
1480 2615 1607 2670 curaret
1629 2614 1808 2686 opportuna
1832 2608 1945 2680 media,
1979 2609 2095 2686 quihus

1346 2701 1433 2778 pium
1456 2719 1490 2763 ac
1512 2701 1651 2762 salutare
1672 2701 1760 2762 illius
1783 2702 1981 2778 propositum
2003 2703 2096 2780 perh·

1345 2803 1485 2867 caretur,
1509 2809 1651 2870 eumque
1673 2795 1706 2855 in
1728 2811 1860 2872 scopum
1878 2795 2095 2872 praedictolo-

1345 2890 1447 2966 sepho
1468 2889 1505 2949 ab
1528 2887 1729 2950 Hierusalem
1762 2903 1942 2965 congruum
1974 2889 2096 2951 missio·

1347 2981 1512 3044 uariorum
1539 2997 1725 3053 numerum,
1750 2983 1867 3059 pietate
1900 2990 1931 3043 et
1953 2983 2096 3044 doctrina

1347 3077 1587 3154 praestantium,
1604 3075 1658 3150 qui
1683 3081 1743 3135 tam
1767 3075 1903 3136 arduum
1927 3082 1958 3137 et
1973 3077 2096 3153 pericu-

1347 3169 1451 3230 losum
1474 3167 1536 3228 iter
1559 3183 1616 3244 pro
1639 3167 1740 3228 divini
1762 3169 1901 3229 nominis
1934 3169 2035 3247 gloria
2061 3170 2097 3231 li-

1348 3261 1435 3323 benti
1469 3269 1684 3340 promptoque
1720 3261 1826 3323 animo
1865 3273 2094 3342 susceperunt,

1346 3355 1562 3418 adiunximus.

1387 3451 1406 3524 ἓ
1426 3447 1455 3509 2.
1470 3448 1616 3510 instituta
1632 3449 1766 3526 proinde
1782 3449 1842 3510 luit
1856 3467 1939 3512 anno
1953 3469 2095 3526 xnccrv.,

1349 3542 1573 3605 mandantibus
1588 3543 1691 3614 nobis,
1708 3559 1834 3604 summa
1848 3559 1922 3606 cum
1937 3545 2098 3609 alacritate

1349 3654 1384 3700 ea
1407 3635 1572 3714 profectio.
1597 3637 1636 3698 dc
1658 3653 1719 3713 qua
1743 3653 1896 3714 magnum
1919 3639 2019 3701 divini
2043 3641 2097 3702 ho-

1349 3732 1436 3792 noris
1458 3739 1665 3808 proventum,
1690 3746 1842 3806 magnum
1866 3731 1975 3793 itidem
2006 3734 2097 3811 spiri-

1348 3823 1433 3886 tuale
1455 3823 1589 3884 istorum
1615 3823 1808 3900 populorum
1838 3825 2095 3902 emolumentum

1349 3917 1440 3978 nobis
1470 3917 1586 3977 merito
1615 3916 1866 3994 pollicebamur;
1901 3933 2016 3980 verum
2045 3936 2095 3991 eo,

1348 4010 1438 4074 cuins
1459 4009 1675 4072 inscrutabilia
1698 4011 1811 4072 iudicia
1840 4022 1872 4072 et
1892 4013 2098 4090 ininvestiga-

1350 4105 1430 4166 biles
1452 4105 1522 4166 viae
1543 4113 1629 4176 sunt,
1655 4105 1694 4166 ita
1722 4105 1923 4183 disponente,
1955 4117 2096 4186 optatum

1350 4201 1385 4262 ad
1410 4202 1532 4261 exitum
1555 4200 1708 4277 perducta
1723 4215 1787 4260 non
1803 4199 1880 4276 iuit3
1905 4219 1975 4263 nam
1994 4204 2097 4264 eidem

1351 4297 1502 4374 religiose
1524 4295 1594 4356 viro
1611 4295 1745 4371 eiusque
1760 4295 1865 4365 sociis,
1882 4297 1951 4358 sive
1964 4297 2003 4358 ob
2020 4305 2098 4360 tent·

1353 4407 1466 4471 porum
1489 4389 1710 4464 itinerumque
1732 4388 1945 4462 difficultates,
1962 4391 2029 4452 sive
2047 4407 2100 4469 po·

1353 4487 1415 4550 tius
1438 4487 1477 4547 ob
1499 4485 1632 4546 istarum
1656 4499 1766 4544 rerum
1780 4483 1938 4546 tumultus
1953 4505 1987 4547 ac
2009 4485 2099 4547 vicis-

1351 4580 1519 4650 situdines,
1553 4577 1818 4654 in'Aethiopiam
1850 4579 1947 4654 pedes
1979 4578 2100 4642 inierre

1353 4691 1418 4736 non
1439 4673 1544 4746 licuit;
1565 4688 1599 4733 ac
1614 4672 1735 4732 interea
1752 4678 1818 4734 tum
1835 4687 1893 4732 rex
1908 4673 2097 4742 antedictus.

1354 4776 1422 4830 tuni
1444 4767 1539 4829 etiarn
1562 4766 1630 4827 eius
1653 4773 1755 4836 natus,
1779 4782 1832 4841 qur
1855 4766 1888 4826 in
1914 4765 1970 4828 illo
1998 4783 2100 4844 regno

1353 4865 1559 4930 successerat,
1583 4861 1646 4920 vita
1670 4859 1907 4934 demigrarunt:
1926 4860 2100 4921 novissime

1283 4957 1285 4960 ’
1354 4971 1432 5016 vero
1454 4955 1521 5030 ipse
1543 4967 1672 5029 quoque
1694 4952 1858 5029 Iosephus,
1888 4954 2102 5016 nrissionario-

1354 5065 1425 5110 rum
1457 5047 1645 5125 praelectus,
1679 5047 1761 5106 viam
1789 5047 1960 5110 universae
1986 5050 2099 5120 carnis,

1354 5150 1389 5203 ut
1400 5141 1591 5218 accepimus,
1606 5141 1773 5216 ingressus
1789 5148 1854 5201 est:
1874 5157 1954 5218 quae
1971 5143 2100 5218 quidem

1355 5235 1460 5298 omnia
1482 5241 1636 5310 qnantum
1652 5233 1873 5296 amaritudinis
1888 5253 1921 5296 ac
1939 5236 2102 5299 molestiae

2130 602 2181 658 An.
2195 602 2223 658 C.
2238 601 2309 659 ltin

1354 5329 1445 5392 nobis
1467 5327 1644 5398 attulerint,
1662 5327 1845 5403 exprimere
1860 5329 1934 5389 satis
1950 5347 2014 5390 rron
2035 5347 2103 5407 pos·
2167 5357 2170 5362 ·

1354 5439 1476 5483 sumus.

1393 5519 1412 5590 ἓ
1433 5515 1462 5578 3.
1487 5513 1718 5576 Verumtamen
1741 5529 1922 5575 moerorem
1949 5517 2033 5578 hunc
2048 5535 2103 5578 no-

1354 5619 1457 5672 strum
1480 5609 1562 5670 haud
1580 5608 1644 5669 levi
1660 5623 1698 5668 ex
1715 5615 1803 5682 parte
1819 5608 1952 5671 detersit
1973 5609 2102 5671 allatum

1354 5703 1483 5764 nonita
1511 5701 1634 5779 pridem
1664 5701 1700 5762 ad
1728 5716 1785 5762 nos
1815 5702 1990 5764 iucundum
2024 5719 2104 5764 nun-

1356 5798 1451 5866 cium,
1480 5795 1564 5872 quod
1593 5794 1750 5856 celsitudo
1780 5803 1831 5857 tua
1858 5797 1893 5856 ad
1918 5795 2103 5874 Aethiopiae

1356 5904 1494 5965 regnum
1512 5888 1647 5950 feliciter
1663 5897 1771 5950 evecta
1785 5889 1898 5964 luerit;
1915 5905 2002 5967 spem
2017 5890 2103 5952 enirn

1357 5999 1422 6044 non
1445 5983 1600 6044 modicam
1624 5983 1698 6044 inde
1719 5983 1929 6060 suscepimus,
1948 5989 1989 6055 te,
2006 6000 2104 6061 quem
