4756 6994
44 25 483 180 Ψ

821 633 1019 682 senunlc'rus
1040 635 1090 680 PP.
1115 635 1181 681 XIV.

227 766 327 824 sonas,
353 767 498 814 necnon
523 757 805 824 testamentorum,
829 753 974 815 volunta·
1001 757 1005 821 l

228 853 293 906 tum
316 851 349 908 et
370 846 609 909 ordinationum
633 846 818 909 huiusmodi
832 862 974 924 exequu-
1002 856 1004 865 ’

228 946 322 1010 tores,
347 939 468 1002 directe
489 939 541 1002 vel
565 939 731 1012 indirecte,
750 941 864 1018 quovis
879 955 974 1018 quae·
1002 942 1004 986 :

226 1033 284 1094 sito
306 1032 414 1095 colore
429 1033 482 1096 vel
498 1034 629 1111 iugenio
652 1033 823 1098 molestare
839 1035 975 1097 audeant

226 1141 355 1204 quoquo
378 1127 485 1200 modo,
503 1128 556 1191 vel
579 1131 786 1206 perturbare3
810 1147 844 1192 ac
866 1130 974 1193 decer-

228 1227 340 1282 nentes
362 1221 501 1299 praelata
529 1221 636 1284 omnia
658 1229 691 1284 et
712 1223 856 1300 singula,
880 1239 913 1284 ac
940 1224 971 1286 in

227 1311 288 1374 illis
309 1321 470 1387 contenta,
498 1331 643 1378 necnon
666 1323 866 1388 testamenta,
890 1317 973 1380 codi-

226 1405 326 1478 cillos,
350 1408 548 1480 donationes,
572 1408 837 1488 dispensationes,
862 1418 895 1473 et
915 1409 972 1472 alia

227 1515 460 1578 quaecumque,
478 1517 537 1564 nec
560 1518 623 1564 non
647 1503 776 1580 quaein
793 1503 972 1582 praemissis

227 1591 303 1656 lacta
318 1602 404 1666 sunt,
422 1603 476 1657 aut
491 1597 677 1659 earumdem
695 1597 911 1674 praesentium
928 1599 973 1658 vi-

226 1703 304 1764 gore
327 1687 396 1751 deri
419 1689 593 1767 contigerit
615 1697 677 1752 tam
693 1691 807 1768 vigore
825 1708 973 1769 praesen-

227 1782 275 1852 tis,
298 1797 393 1859 quam
424 1782 559 1846 aliarum
580 1785 824 1848 concessionum
853 1785 909 1848 tihi
932 1785 969 1848 la-

225 1881 348 1936 ctarum
381 1883 414 1938 et
449 1876 599 1956 deinceps
631 1878 664 1940 iu
700 1893 822 1956 genere
855 1879 909 1941 vel
940 1879 971 1940 in

226 1970 332 2047 specie
354 1969 583 2060 faciendarum,
607 1987 681 2034 cum
706 1973 780 2034 inde
802 1974 920 2034 secutis
942 1981 973 2036 et

226 2066 397 2135 secuturis,
421 2064 535 2136 valida,
559 2066 651 2126 drma
673 2075 705 2130 et
734 2067 868 2130 ellicacia
891 2067 970 2139 lore,

225 2175 284 2220 nec
306 2175 370 2220 nou
393 2161 540 2236 perpetui
563 2159 681 2221 valoris
703 2161 855 2224 firmitate
871 2163 972 2225 subsi-

224 2257 311 2314 stere
332 2268 473 2329 suosque
496 2252 655 2330 plenarios
678 2262 710 2316 et
730 2255 876 2332 integros
899 2257 973 2319 eile-

224 2353 293 2408 ctus
315 2346 425 2409 sortiri
451 2354 484 2408 et
512 2346 677 2418 obtineres
701 2365 847 2412 necnon
876 2351 970 2415 etiam

224 2455 282 2518 per
305 2439 546 2504 translationem
568 2441 606 2503 ad
628 2440 702 2503 alias
721 2443 918 2506 cathedrales
941 2451 974 2506 et

226 2533 488 2610 metropolitanas
526 2534 578 2597 vel
611 2535 837 2612 patriarchales
874 2537 972 2600 eccle-

223 2626 301 2698 sias,
325 2627 378 2688 vel
399 2627 494 2689 etiam
525 2627 701 2704 quamlibet
726 2635 825 2691 status
848 2637 880 2692 et
902 2646 972 2710 per-

224 2736 321 2782 sonae
342 2727 415 2783 tuae
438 2723 649 2784 mutationem
676 2738 811 2794 cessare,
834 2732 888 2785 aut
915 2741 972 2802 per

224 2813 347 2876 similes
362 2819 395 2875 et
409 2813 581 2878 dissimiles
603 2815 718 2893 gratias
738 2815 794 2878 tibi
809 2833 972 2880 concessas

224 2917 256 2970 et
288 2907 505 2970 concedendas
537 2909 708 2981 conlundi,
739 2911 793 2974 sed
828 2911 910 2990 ipsas
939 2913 971 2974 in

225 2999 376 3063 omnibus
406 3007 439 3064 ot
468 3018 526 3080 per
559 3003 665 3065 omnia
698 3004 751 3068 tibi
784 3007 970 3084 suliragari;

224 3102 256 3157 et
284 3095 311 3156 si
340 3095 416 3172 quid
438 3096 471 3157 in
493 3112 556 3158 uua
579 3111 618 3158 ex
641 3095 842 3172 lacultatibus
864 3101 971 3164 huius-

224 3189 312 3250 modi
341 3189 516 3262 deiecerit,
543 3207 600 3268 per
626 3189 718 3252 aliam
746 3193 889 3271 suppleri
919 3195 972 3258 de-

224 3283 320 3356 bere,
351 3299 410 3346 uec
439 3283 611 3354 haeredes,
643 3283 814 3362 legatarios
841 3295 873 3349 et
905 3288 971 3350 loca

223 3378 260 3440 ad
283 3392 364 3455 quae
386 3393 443 3440 seu
466 3374 547 3454 quos
572 3378 664 3450 bona,
689 3379 757 3442 iura
780 3387 813 3442 et
832 3384 972 3445 actiones

224 3471 410 3534 huiusmodi
436 3471 639 3543 devenerint,
664 3471 715 3534 vel
738 3474 854 3550 quibus
877 3475 972 3538 velin-

223 3575 383 3645 quentur,
407 3571 462 3626 aut
489 3573 707 3643 exequutores
736 3569 912 3644 praedictos
935 3571 970 3632 ad

224 3661 351 3722 tertiam
373 3675 431 3721 seu
453 3659 545 3721 aliam
568 3675 682 3721 eorum
713 3668 851 3738 partem,
876 3679 969 3740 quam

223 3754 319 3816 etiam
336 3769 376 3815 ex
391 3769 477 3814 nunc
492 3752 549 3813 tibi
564 3769 598 3814 ac
613 3751 702 3825 locis,
719 3753 922 3830 haeredibus,
941 3765 972 3820 et

223 3847 394 3910 donatariis
426 3845 594 3925 praedictis
623 3845 799 3910 liberaliter
827 3851 971 3914 concedi-

223 3957 299 4002 mus
320 3949 352 4004 et
377 3940 551 4012 donamus,
575 3955 720 4003 camerae
749 3957 807 4004 seu
836 3943 971 4007 fabricae

223 4040 277 4097 aut
298 4034 463 4098 beneflciis
485 4034 666 4112 praedictis,
683 4035 779 4098 etiam
802 4053 860 4115 pro
875 4055 970 4116 expe-

223 4129 345 4192 ditione
383 4134 493 4191 coutra
532 4127 680 4190 infideles
713 4135 745 4190 et
774 4131 972 4208 quibuslibet

223 4223 310 4295 aliis,
334 4221 584 4300 quamtumlibet
611 4222 682 4300 piis,
709 4224 820 4286 usibus
844 4225 968 4288 solven.

223 4333 257 4378 ac
281 4333 354 4379 cum
384 4316 430 4378 eis
456 4316 595 4394 desuper
622 4331 831 4395 componen,
856 4319 910 4382 vel
933 4321 969 4382 ad

223 4411 316 4473 aliam
345 4410 570 4488 particularem
600 4408 761 4472 licentiam
787 4427 844 4474 seu
866 4413 970 4477 indul·

223 4511 291 4566 tum
307 4511 362 4567 aut
375 4504 655 4566 confirmationem
677 4521 693 4565 a
715 4505 806 4568 nobis
822 4523 879 4570 seu
901 4525 970 4571 suc-

223 4598 400 4660 cessoribus
432 4598 549 4659 nostris
584 4597 733 4659 Romanis
765 4598 970 4663 Pontificibus

224 4693 393 4770 petendam
416 4697 470 4754 aut
486 4692 732 4769 impetrandam,
751 4693 803 4756 vel
820 4693 914 4756 etiam
937 4696 968 4758 iu

223 4786 281 4848 alia
301 4785 399 4846 simili
422 4785 521 4862 gratia
543 4785 596 4847 vel
618 4785 687 4848 eius
713 4786 967 4862 confirmatione,

223 4881 279 4943 tibi
294 4881 599 4958 quomodocumque
621 4880 808 4951 conceden..
826 4881 865 4943 de
880 4898 969 4959 prae·

222 4973 303 5035 senti
326 4971 525 5035 mentionem
547 4973 684 5050 aliquam
709 4973 834 5046 lacien,
852 4977 966 5046 teneri,

224 5083 281 5130 uec
309 5068 346 5130 ad
374 5067 406 5128 id
428 5065 492 5128 ulla
513 5081 655 5144 unquam
679 5067 869 5131 necessitate
898 5071 967 5146 cogi

223 5175 324 5238 posse.
349 5157 465 5237 Sicque
495 5159 526 5222 in
556 5159 738 5238 praemissis
764 5161 913 5224 omnibus
937 5171 969 5226 et

223 5253 374 5331 siugulis,
400 5269 457 5332 per
485 5269 707 5331 quoscumque
734 5254 855 5317 iudices
885 5255 968 5318 ordi-

224 5349 326 5410 narios
348 5355 380 5410 ot
401 5347 587 5426 religiosos,
612 5349 707 5409 etiam
731 5364 897 5410 causamm
919 5365 967 5427 pa-

222 5441 287 5503 latii
308 5440 472 5520 apostolici
493 5441 655 5504 auditores
677 5459 711 5504 ac
733 5439 764 5504 S.
782 5441 818 5503 R.
836 5441 872 5504 it.
895 5441 968 5505 (lar-

223 5534 354 5607 dinales,
378 5549 437 5596 nec
458 5550 523 5596 non
543 5549 602 5612 pro
625 5541 771 5612 tempore
792 5534 968 5597 existentes

224 5627 365 5691 eiusdem
388 5643 532 5690 camerae
554 5627 830 5701 commissarium,
852 5629 968 5707 praesi-

224 5721 343 5795 dentes,
365 5722 499 5785 clericos
519 5722 663 5799 aliosque
686 5721 833 5784 officiales
856 5729 888 5784 et
910 5721 967 5784 mi-

225 5815 350 5887 nistros,
367 5815 400 5876 in
418 5814 529 5892 quavis
552 5830 642 5877 causa
666 5821 698 5876 et
718 5813 866 5877 instantia
888 5813 968 5876 iudi-

224 5909 285 5970 cari
302 5915 335 5971 et
352 5909 478 5971 deliniri
501 5908 631 5982 debere,
648 5925 683 5972 ac
702 5909 830 5971 irritum
850 5915 883 5971 et
905 5909 968 5971 ina-

226 6018 275 6075 ne,
291 6002 317 6064 si
332 6017 424 6066 secus
445 6017 543 6080 super
558 6003 607 6066 his
628 6021 644 6066 a
665 6017 839 6082 quoquam,
856 6003 969 6080 quavis

328 6153 385 6194 dur.
402 6151 478 6195 Pone.
494 6155 525 6196 de
540 6155 620 6204 onp.
636 6153 700 6195 Fide
713 6151 800 6196 Partis
815 6153 833 6194 l.
849 6150 902 6194 l'ol.
919 6153 968 6194 vii.

1030 753 1229 825 auctoritate,
1260 752 1398 816 scienter
1422 753 1595 831 contigerit
1614 755 1775 818 attentari.

1030 845 1181 920 Quocirca
1210 847 1449 910 venerabilibus
1478 847 1629 910 iratribus
1659 849 1777 910 nostris

1030 939 1167 1002 Ostiensi
1196 946 1228 1002 et
1256 941 1424 1004 Portueusi
1456 940 1677 1003 cardinalibus
1706 941 1778 1019 lipi-

1031 1035 1133 1112 scopis
1169 1051 1202 1096 ac
1230 1032 1346 1097 dilecto
1378 1034 1443 1098 illio
1471 1051 1638 1098 causarum
1672 1035 1779 1099 curiae

1030 1142 1174 1190 camerae
1196 1129 1387 1206 apostolicae
1410 1128 1552 1205 generali
1568 1129 1705 1192 auditori
1722 1146 1780 1208 per

1031 1231 1215 1298 praesentes
1244 1221 1476 1284 committimus
1509 1229 1541 1284 et
1572 1224 1776 1296 mandamus,

1030 1323 1189 1394 quatenus
1210 1315 1268 1394 ipsi
1291 1315 1343 1378 vel
1366 1315 1429 1378 duo
1456 1324 1510 1378 aut
1530 1333 1614 1378 unus
1644 1333 1776 1391 eornm,

1031 1427 1088 1489 per
1109 1427 1143 1472 se
1158 1409 1211 1472 vel
1227 1409 1324 1472 alium
1344 1425 1402 1472 seu
1424 1409 1513 1480 alios,
1530 1418 1714 1488 praesentes
1729 1410 1778 1473 lit·

1030 1509 1113 1566 teras
1136 1510 1168 1565 et
1188 1503 1221 1564 in
1244 1501 1288 1564 eis
1309 1508 1458 1566 contenta
1473 1518 1707 1582 quaecumque,
1723 1503 1778 1565 ubi

1030 1602 1063 1658 et
1093 1595 1219 1673 quando
1252 1610 1331 1671 opus
1364 1594 1473 1666 luerit,
1498 1606 1530 1658 et
1561 1597 1688 1673 quoties
1720 1611 1778 1674 pro

1032 1695 1119 1768 parte
1143 1697 1194 1752 tua
1216 1703 1274 1750 seu
1297 1687 1472 1751 haeredum
1489 1689 1730 1752 donatariorum
1747 1699 1779 1754 et

1030 1782 1259 1860 legatariorum
1282 1789 1412 1844 tuorum
1435 1781 1637 1860 aliorumque
1656 1785 1778 1861 praedi·

1029 1883 1154 1938 ctorum
1180 1891 1237 1936 seu
1260 1874 1393 1937 alicuius
1416 1891 1530 1938 eorum
1553 1875 1692 1954 desuper
1711 1877 1779 1940 lue·

1029 1970 1095 2032 rint
1116 1968 1275 2044 requisiti,
1299 1967 1489 2031 solemniter
1512 1969 1720 2047 publicantes,
1741 1971 1777 2032 ti-

1029 2062 1126 2140 bique
1155 2069 1187 2124 et
1209 2061 1271 2124 illis
1300 2062 1333 2123 in
1362 2065 1543 2140 praemissis
1565 2064 1698 2127 efficacis
1724 2067 1777 2128 de-

1029 2157 1182 2220 lensionis
1197 2156 1353 2235 praesidio
1367 2156 1564 2230 assistentes,
1585 2156 1708 2230 iaciant,
1725 2175 1777 2220 au·

1028 2252 1174 2315 ctoritate
1195 2260 1314 2322 nostra,
1336 2251 1508 2327 praemissa
1530 2253 1636 2314 omnia
1662 2259 1694 2315 et
1714 2253 1777 2316 sin·

1030 2346 1103 2425 gula
1119 2363 1152 2408 ac
1167 2346 1294 2408 easdem
1311 2352 1496 2423 praesentes
1512 2344 1620 2408 literas
1636 2353 1668 2408 et
1682 2347 1714 2410 in
1731 2348 1776 2408 eis

1028 2448 1176 2504 contenta
1198 2454 1419 2518 quaecumque
1442 2439 1579 2502 firmiter
1599 2440 1774 2515 observari,

1028 2551 1093 2597 non
1115 2534 1352 2614 permittentes,
1374 2539 1405 2594 te
1432 2532 1485 2594 vel
1506 2533 1584 2596 alios
1607 2534 1775 2612 praelatos,

1029 2646 1085 2708 per
1108 2643 1341 2707 quoscumque,
1365 2627 1477 2704 quavis
1498 2627 1685 2691 auctoritaie
1705 2629 1776 2692 lun-

1029 2733 1159 2802 gentes,
1182 2720 1381 2784 'earumdem
1414 2725 1527 2782 tenore
1558 2723 1775 2799 praesentium

1028 2816 1170 2880 indebite
1200 2813 1364 2877 molestari
1390 2813 1445 2876 vel
1475 2814 1672 2892 perturbari,
1703 2833 1776 2880 con·

1029 2912 1215 2974 tradictores
1248 2916 1280 2971 et
1317 2907 1498 2986 praemissis
1531 2924 1596 2970 nou
1628 2919 1775 3008 parentes

1029 3021 1086 3084 per
1106 3003 1291 3074 sententias,
1316 3017 1467 3064 censuras
1489 3009 1522 3063 et
1539 3017 1655 3080 poenas
1677 3005 1776 3068 eccle·

1028 3099 1166 3162 siasticas
1189 3097 1313 3173 aliaque
1335 3102 1513 3174 opportuna
1541 3095 1675 3160 inviset
1702 3098 1774 3162 lacti

1028 3193 1181 3264 remedia,
1205 3190 1418 3270 appellatione
1438 3191 1625 3268 postposita,
1649 3209 1775 3272 compe·

1028 3287 1163 3358 scendo,
1199 3284 1418 3362 legitimisque
1448 3298 1545 3361 super
1578 3284 1626 3346 his
1658 3285 1774 3350 haben.

1028 3379 1161 3443 servatis
1184 3377 1403 3456 processibus,
1428 3393 1579 3440 censuras
1600 3386 1633 3442 et
1658 3395 1777 3458 poenas

1028 3475 1110 3552 ipsas
1132 3472 1227 3534 etiam
1256 3469 1378 3533 iteratis
1409 3469 1532 3532 vicibus
1559 3475 1774 3550 aggravando,

1027 3569 1174 3630 invocato
1205 3566 1300 3628 etiam
1333 3565 1369 3626 ad
1402 3563 1474 3636 hoc,
1498 3565 1523 3626 si
1554 3581 1633 3644 opus
1665 3566 1774 3642 luerit,

1027 3660 1146 3724 auxilio
1162 3658 1282 3722 brachii
1297 3657 1480 3732 saecularis,
1497 3675 1561 3720 non
1577 3659 1776 3724 obstantibus

1028 3753 1209 3832 praemissis
1244 3769 1277 3814 ac
1313 3751 1382 3830 piae
1417 3751 1592 3814 memoriae
1624 3753 1775 3818 Bonilacii

1027 3846 1084 3908 PP.
1101 3845 1179 3908 lllll.
1197 3843 1451 3924 praedecessoris
1473 3845 1574 3906 nostri
1596 3845 1635 3908 de
1652 3862 1725 3920 una,
1743 3857 1776 3911 et

1027 3941 1059 4002 in
1081 3938 1223 4002 Concilio
1246 3936 1388 4015 generali
1411 3937 1495 4000 edila
1511 3939 1550 4000 de
1565 3939 1687 4002 duabus
1710 3941 1774 4004 die·

1027 4038 1076 4107 tis,
1095 4033 1271 4098 dummodo
1285 4031 1370 4094 ultra
1387 4039 1450 4094 tres
1466 4031 1565 4094 dietas
1580 4033 1706 4112 aliquis,
1722 4051 1775 4098 au·

1026 4129 1173 4194 ctoritate
1201 4125 1432 4206 praesentium,
1459 4127 1492 4188 in
1523 4126 1681 4190 iudicium
1710 4145 1775 4192 non

1027 4225 1189 4296 trahatur,
1214 4239 1273 4284 nec
1301 4237 1366 4284 non
1398 4219 1620 4282 Laterauensis
1641 4220 1775 4285 concilii

1027 4317 1201 4380 novissime
1223 4315 1375 4379 celebrati
1404 4315 1444 4376 de
1472 4321 1561 4376 certo
1583 4316 1772 4378 eorumdem

1026 4411 1227 4476 notariorum
1259 4425 1418 4482 numero,
1453 4407 1577 4470 etiamsi
1609 4409 1646 4472 ad
1681 4410 1775 4474 illum

1026 4505 1171 4568 nondum
1202 4505 1378 4567 deventum
1410 4501 1519 4576 luerit,
1543 4503 1593 4566 cui
1625 4519 1683 4582 per
1715 4505 1775 4568 hoc

1026 4599 1100 4662 alias
1123 4600 1313 4676 derogatum
1342 4613 1407 4659 uon
1439 4596 1656 4671 intendimus,
1680 4600 1774 4662 etde

1025 4709 1183 4756 consensu
1222 4689 1410 4770 praestando
1439 4691 1472 4752 iu
1504 4691 1714 4769 pensionibus
1742 4701 1775 4756 et

1025 4787 1285 4864 quibuscumque
1306 4785 1375 4846 aliis
1397 4785 1493 4846 etiam
1509 4801 1566 4862 per
1588 4801 1646 4847 nos
1666 4793 1699 4848 et
1721 4785 1774 4848 Se-

1025 4881 1099 4943 dem
1112 4878 1283 4958 praelatam
1297 4878 1389 4941 editis
1405 4884 1438 4940 et
1452 4879 1484 4941 in
1500 4884 1664 4956 posterum
1678 4879 1773 4942 eden-

1025 4976 1071 5037 dis
1106 4971 1320 5036 Gancellaviae
1353 4971 1552 5049 apostolicae
1585 4971 1719 5048 regulis,
1742 4979 1775 5034 et

1024 5069 1108 5148 stylo
1131 5069 1283 5130 hactenus
1311 5064 1498 5137 observato,
1522 5081 1556 5126 ac
1580 5081 1645 5127 rec.
1673 5081 1771 5128 mem.

1024 5162 1197 5226 Alexandri
1226 5160 1276 5222 Vl.
1300 5159 1427 5222 tertiam
1457 5165 1580 5238 partem
1611 5159 1770 5222 honorum

1024 5255 1312 5320 ecclesiasticorum
1325 5251 1477 5315 Gamerae
1489 5251 1646 5330 praelatae
1662 5253 1772 5316 deberi

1023 5351 1108 5412 inter
1137 5348 1195 5411 alia
1225 5349 1406 5426 disponen,
1432 5353 1465 5408 et
1492 5362 1773 5425 quorumcumque

1023 5443 1159 5506 aliorum
1181 5442 1399 5504 Romanorum
1429 5439 1619 5502 Pontificum
1644 5442 1773 5520 praede-

1023 5551 1189 5599 cessorum
1218 5539 1421 5606 nostrorum,
1449 5552 1483 5596 ac
1511 5533 1678 5611 quibusvis
1704 5535 1773 5597 aliis

1023 5628 1203 5707 apostolicis
1225 5644 1259 5690 ac
1280 5625 1312 5688 in
1334 5625 1571 5688 universalibus
1597 5627 1773 5705 provincia-

1023 5722 1173 5800 libusque
1202 5729 1235 5784 et
1265 5719 1473 5798 synodalibus
1505 5719 1647 5782 conciliis
1680 5719 1773 5782 editis

1025 5814 1227 5892 generalibus
1248 5813 1301 5876 vel
1323 5813 1513 5892 specialibus
1539 5813 1771 5878 constitutioni-

1024 5909 1084 5972 bus
1106 5915 1138 5970 et
1159 5907 1425 5978 ordinationibus,
1446 5924 1506 5970 nec
1528 5922 1593 5969 non
1614 5907 1773 5986 praelatae

1025 6000 1241 6082 patriarchalis
1263 5999 1390 6064 Ciliciae
1411 6001 1630 6064 armenorum
1645 6009 1678 6063 et
1698 6015 1773 6079 qua-

1640 6151 1663 6192 21

1700 615 1756 682 liti
1816 619 1867 676 An.
1880 619 1908 677 C.
1924 615 1991 676 trus
