4836 7002
299 543 395 602 111011.
410 544 478 602 lssbb
533 547 593 612 248

513 683 573 746 bus
595 684 720 747 duobus
735 683 804 746 aliis
819 683 994 764 Episcopis,
1008 684 1148 748 similem
1163 683 1260 746 buius

515 776 547 840 S.
572 775 663 840 Sedis
693 779 826 856 gratiam
855 784 888 840 et
916 778 1179 840 communionem
1208 777 1261 838 ba·

514 870 675 941 bentibus,
691 871 755 943 vel,
772 871 798 932 si
821 871 854 932 bi
870 873 1040 934 commode
1054 873 1191 951 reperiri
1206 889 1261 935 ne·

514 972 644 1043 queant,
670 963 795 1028 duobus
823 980 938 1028 eorum
969 963 1039 1030 1000
1065 965 1261 1046 presbyteris

514 1058 729 1122 saecularibus
750 1057 804 1120 vel
820 1057 962 1120 cuiusvis
977 1059 1110 1131 ordinis,
1127 1075 1262 1138 congre·

514 1153 650 1231 gationis
685 1159 717 1216 et
750 1151 888 1215 instituti
913 1153 1128 1231 regularibus,
1162 1153 1261 1232 recipi

513 1247 616 1310 libero
644 1254 676 1310 et
702 1245 788 1309 licite
816 1246 927 1324 possit.
954 1245 1113 1310 Volumus
1135 1255 1259 1320 autem,

513 1347 550 1402 ut
573 1341 751 1420 praedictus
773 1341 938 1403 coadiutor
964 1341 1009 1404 sic
1030 1341 1152 1406 clectus
1174 1343 1207 1403 in
1229 1357 1260 1404 0-

513 1435 648 1498 xercitio
670 1441 703 1497 et
722 1434 999 1498 administratione
1021 1435 1112 1500 istius
1132 1434 1261 1498 vicaria-

513 1537 576 1601 tus,
600 1536 631 1591 te
652 1529 795 1602 vivente,
818 1529 947 1591 nonnisi
961 1537 1116 1607 quantum
1141 1535 1173 1591 et
1187 1545 1261 1607 qua·

514 1630 607 1686 tenus
629 1629 662 1686 tu
686 1621 895 1693 ordinaveris,
912 1637 947 1684 se
967 1621 1121 1700 ingerere
1142 1623 1260 1702 possit3

513 1732 595 1795 quae
616 1731 695 1779 vero
728 1715 839 1778 bacin
861 1732 897 1778 re
919 1723 953 1778 tu
976 1715 1022 1778 illi
1045 1717 1259 1790 mandaveris,

514 1810 646 1874 omuino
668 1817 830 1888 praestare
859 1816 891 1872 et
927 1809 1064 1888 implere
1094 1803 1259 1887 teneatur3

513 1912 613 1981 utque
629 1919 753 1976 omnes,
770 1902 806 1964 ad
830 1917 910 1978 unos
925 1909 1046 1981 spectat
1061 1909 1092 1966 et
1108 1919 1166 1982 pro
1182 1911 1260 1966 tem·

513 2011 590 2076 pore
611 1996 782 2074 spectabit,
806 1997 940 2058 eumad
972 1996 1110 2060 officium
1136 1999 1260 2062 coadiu-

512 2091 591 2154 toris
606 2100 638 2154 et
652 2106 711 2153 suo
728 2098 874 2168 tempore
888 2091 925 2153 ad
948 2090 1026 2154 illud
1047 2090 1162 2154 Vicarii
1178 2093 1260 2171 llpo-

511 2183 615 2247 stolici
630 2184 669 2247 de
690 2181 801 2262 itu-pe
816 2184 849 2246 in
866 2181 949 2246 Sinis
970 2185 1104 2262 eiusque
1120 2185 1259 2250 liberum

512 2277 701 2340 exercitium
724 2277 812 2339 iuxta
839 2285 1024 2355 praesentes
1052 2279 1197 2358 recipere
1229 2289 1261 2342 et

511 2369 701 2442 admittere,
726 2377 758 2433 et
778 2372 812 2434 in
839 2371 1007 2444 omnibus,
1031 2389 1112 2450 quae
1134 2374 1170 2436 ad
1194 2369 1259 2436 olil-

511 2463 596 2526 cium
626 2463 810 2528 buiusmodi
838 2465 1012 2544 pertinent,
1040 2475 1166 2544 praesto
1189 2484 1259 2540 esse

511 2565 606 2635 atque
622 2559 754 2622 obedire
769 2566 950 2622 teneantur.
968 2560 1039 2623 Non
1059 2561 1259 2624 obstantibus

511 2653 794 2716 constitutionibus
816 2658 849 2716 et
870 2653 1122 2718 ordinationibus
1137 2664 1260 2734 aposto·

512 2745 591 2820 licis,
604 2746 786 2824 ceterisque
807 2746 974 2810 contrariis
987 2747 1257 2827 quibuscumque.

551 2841 664 2902 ilatum
676 2839 807 2912 Romae,
824 2840 906 2918 apud
922 2839 953 2902 S.
971 2841 1115 2914 Petrum,
1131 2844 1191 2906 sub
1206 2861 1259 2907 an·

511 2935 589 2997 nulo
617 2933 802 3006 Piscatoris,
833 2934 884 2996 die
913 2951 941 2994 v.
973 2935 1041 3000 dec.
1072 2953 1257 3013 unaucurt,

510 3029 712 3106 pontificatus
734 3027 836 3090 nostri
856 3044 939 3094 anno
962 3045 1006 3092 xx.

859 3313 910 3376 lll.

510 3497 667 3564 1000100100
691 3500 854 3581 Napoleoo
883 3502 940 3564 111.
971 3501 1175 3566 Francorum
1200 3503 1258 3566 im·

547 3594 705 3673 peratori,
731 3595 995 3666 1001001011100,
1024 3596 1167 3658 concedit
1191 3614 1258 3660 mc·

548 3703 647 3767 ponor
662 3689 944 3767 elceroorpocrircm
956 3695 985 3752 ct
998 3694 1174 3752 castrenses
1186 3707 1258 3770 cop-

545 3779 700 3860 pellaces.

764 3953 851 4022 Plus
875 3953 935 4021 ΡΡ.
959 3953 1003 4021 111.

627 4074 664 4141 ed
687 4081 862 4160 perpetuen
884 4075 928 4141 rei
954 4077 1136 4142 memoriam.

547 4250 632 4326 Quae
664 4253 809 4330 supremi
840 4253 1017 4332 principes,
1047 4253 1154 4316 studio
1183 4253 1257 4316 reli-

509 4345 613 4421 gionis
644 4346 746 4418 ducti,
770 4347 806 4409 ad
829 4347 995 4424 spirituale
1027 4347 1076 4408 sui
1107 4345 1254 4410 solatium

508 4439 685 4515 postulant,
709 4456 744 4502 ea
766 4440 806 4502 de
827 4439 1025 4518 benignitate
1053 4448 1157 4503 nostra
1183 4459 1256 4520 apo·

507 4531 618 4594 0101100
641 4532 783 4594 solemus
809 4533 949 4596 libenter
977 4533 1119 4610 elargiri.
1147 4534 1256 4612 ltaque

411 4705 413 4712 Α
507 4641 580 4689 cum
609 4625 791 4688 carissimus
813 4625 845 4688 in
876 4625 1005 4688 Christo
1034 4627 1118 4689 tilius
1146 4636 1256 4691 noster

507 4719 687 4782 Ludovicus
713 4718 876 4797 Napoleon
902 4719 952 4782 111.
976 4719 1170 4784 Francorum
1196 4723 1255 4784 im·

507 4820 635 4892 perator
659 4812 795 4876 illustris
823 4830 838 4874 a
863 4814 955 4876 nobis
977 4814 1122 4892 petierit,
1153 4822 1190 4876 ut
1215 4833 1254 4878 ex

507 4907 693 4969 auctoritate
710 4915 818 4972 nostra
833 4907 1003 4985 apostolica
1019 4924 1154 4986 magnus
1171 4909 1255 4971 elee-

508 4999 722 5078 mosynarius,
739 4999 807 5062 sive
822 4999 998 5078 imperialis
1012 5000 1119 5064 sacelli
1131 5002 1254 5080 cappel-

508 5092 598 5156 lanus
620 5093 738 5166 maicr‚
766 5109 823 5171 per
851 5109 909 5156 nos
937 5095 1167 5168 constituatur,
1199 5095 1253 5172 qui

507 5185 682 5266 imperialis
698 5185 835 5250 lamiliae
858 5194 891 5249 et
911 5203 1121 5265 personarum
1147 5189 1253 5252 eidem

508 5281 756 5344 inservientium
772 5289 805 5344 et
818 5283 933 5359 quovis
950 5282 1042 5345 titulo
1056 5283 1252 5344 addictarum

506 5376 539 5438 in
562 5375 695 5454 palatiis,
710 5376 780 5436 sive
801 5374 962 5448 domibus,
979 5382 1012 5438 et
1029 5375 1139 5438 castris
1154 5375 1254 5455 impe·

505 5469 637 5532 rialibus
673 5468 880 5546 degentium,
915 5469 1115 5547 spiritualem
1144 5486 1253 5534 curam

505 5563 711 5645 peculiariter
749 5570 840 5640 gerat
874 5564 1146 5641 quemadmodum
1186 5565 1254 5628 aliis

506 5655 641 5716 summis
669 5655 866 5734 principibus
897 5671 955 5734 per
986 5657 1170 5720 decessores
1198 5673 1254 5720 no·

506 5755 591 5810 stros
612 5747 770 5810 llomanos
791 5749 961 5812 Pontilices
983 5767 1170 5814 concessum
1192 5757 1252 5824 est,

547 5962 578 6016 (1)
593 5957 656 6005 vide
670 5962 781 6006 Leonem
796 5962 861 6006 xlii.
878 5965 949 6014 Quae
962 5965 1088 6010 catholico
1102 5967 1215 6010 nomint.
1284 5984 1287 6016 i

1034 563 1101 611 luit.
1123 565 1216 611 bour.
1239 564 1280 610 DE
1301 563 1331 610 P.
1355 565 1385 610 1¹¹.
1409 565 1493 611 PARS
1514 565 1537 611 l.

1317 698 1387 756 nos,
1410 690 1529 748 attenta
1550 684 1749 747 serenissimi
1772 683 1915 748 eiusdem
1931 683 2067 762 impera-

1317 777 1395 839 toris
1417 777 1534 855 pietate
1555 784 1588 844 01
1603 777 1635 840 in
1651 777 1864 856 llpostolioam
1881 775 1995 840 Sedem
2014 769 2084 839 ob·'

1317 871 1440 948 sequio,
1464 870 1604 933 libenter
1629 871 1727 950 ipsius
1751 873 1835 933 votis
1859 870 2064 933 adnuendum

1317 964 1513 1028 censuimus.
1537 963 1751 1038 Quamobrem
1778 971 1862 1027 certa
1884 964 2014 1028 scientia
2036 972 2068 1027 et

1317 1065 1440 1120 matura
1464 1057 1696 1120 deliberatione
1718 1066 1838 1132 nostra,
1863 1059 1968 1136 deque
1993 1073 2067 1136 apo·

1317 1150 1446 1213 stolioae
1471 1151 1667 1214 auctoritatis
1695 1151 1896 1230 plenitudiue
1923 1152 2067 1214 decerni-

1317 1261 1389 1306 mus
1404 1262 1438 1307 ac
1452 1245 1622 1308 statuimus
1638 1262 1673 1308 ea
1689 1261 1771 1324 quae
1786 1253 1981 1323 sequuntur.
1997 1245 2066 1309 Gal·

1317 1337 1432 1400 liarum
1456 1338 1488 1400 in
1504 1339 1640 1418 imperio
1656 1355 1829 1418 supremus
1843 1340 1906 1403 erit
1927 1339 2066 1403 eleemo-

1317 1432 1464 1510 synarius
1479 1432 1547 1495 sive
1559 1433 1735 1511 imperialis
1746 1433 1852 1496 sacelli
1864 1434 2066 1512 cappellanus

1318 1525 1419 1588 maior
1440 1525 1526 1588 inter
1548 1526 1812 1606 archiepiscopos
1834 1535 1867 1590 et
1894 1527 2066 1607 Episcopos

1317 1620 1416 1698 ipsius
1446 1620 1573 1698 imperii
1594 1638 1610 1682 a
1635 1621 1844 1684 serenissimo
1870 1622 2065 1700 imperatore

1318 1713 1518 1791 deligendus.
1544 1713 1703 1794 Supremo
1725 1715 1829 1776 eidem
1846 1715 2065 1796 eleemosyna-

1317 1809 1365 1869 rio
1388 1808 1491 1870 aderit
1513 1808 1607 1869 etiam
1633 1807 1715 1869 alter
1736 1807 1912 1890 Episcopus
1929 1826 1987 1888 pro
2008 1810 2063 1884 iis,

2102 549 2155 606 Au.
2169 550 2197 606 G.
2212 548 2280 606 l857

1317 1916 1398 1978 quae
1413 1901 1600 1979 episcopalis
1615 1900 1742 1964 Ordinis
1757 1911 1843 1974 sunt,
1860 1904 1960 1983 ipsius
1981 1905 2062 1978 vice,
2158 1921 2160 1924 ’

1297 1985 1343 2057 ’01
1366 1993 1513 2072 legitime
1537 1995 1751 2073 impediatur,
1775 1999 1981 2070 exercendis,
2005 2015 2065 2060 nec

1317 2106 1382 2152 non
1397 2090 1556 2162 sacerdos,
1581 2089 1636 2167 qui
1651 2091 1761 2152 vicarii
1776 2093 1936 2168 generalis
1958 2099 2064 2171 partes

1316 2192 1349 2246 et
1370 2200 1487 2246 munus
1509 2183 1646 2261 expleat.
1671 2183 1751 2248 ltem
1773 2193 1899 2264 praesto
1918 2187 1979 2252 erit
1994 2203 2064 2266 pre·

1316 2278 1426 2356 sbvter
1441 2279 1602 2340 secretarii
1620 2295 1757 2342 munere
1771 2279 1922 2358 iungens,
1937 2290 1970 2344 et
1983 2283 2064 2346 alter

1316 2375 1370 2449 qui
1400 2389 1456 2450 pro
1479 2373 1641 2436 secretarii
1671 2373 1811 2436 cilicium
1837 2376 1940 2438 obeat.
1964 2377 2063 2441 Porro

1316 2467 1484 2530 duodecim
1510 2467 1546 2528 ad
1573 2483 1739 2530 summum
1765 2475 1862 2531 erunt
1888 2471 2062 2549 cappellani

1314 2562 1507 2634 sacerdotes,
1520 2561 1575 2638 qui
1591 2563 1623 2624 in
1638 2562 1798 2641 imperiali
1811 2565 1926 2628 sacello
1940 2565 2064 2628 Parisiis

1315 2657 1473 2735 posito.in
1496 2655 1608 2734 palatio
1625 2657 1724 2734 vulgo
1745 2656 1788 2718 les
1806 2657 1969 2722 Toillerr‘er
1993 2676 2061 2723 rem

1315 2751 1455 2814 divinam
1478 2750 1593 2814 iaciant
1607 2767 1773 2830 sacrasque
1789 2751 1971 2816 functiones
1993 2771 2062 2834 per-

1315 2851 1420 2924 agant;
1444 2845 1583 2922 denique
1608 2851 1679 2908 octo
1697 2845 1825 2910 circiter
1840 2847 1958 2921 clerici,
1971 2850 2064 2913 aliae·

1315 2953 1378 3016 que
1401 2938 1515 3000 eodem
1538 2953 1677 3000 numero
1692 2955 1860 3017 personae,
1877 2956 1957 3018 quae
1980 2944 2063 3007 dicto

1315 3031 1431 3095 sacello
1446 3031 1634 3094 inserviant.
1647 3031 1793 3096 lamvero
1808 3049 1980 3113 supremus
1994 3037 2062 3101 (lal-

1314 3125 1430 3188 liarum
1464 3125 1756 3204 eleemosynarius,
1787 3128 1857 3190 sive
1888 3129 2062 3208 imperialis

1314 3219 1421 3282 sacelli
1452 3219 1655 3298 cappellanus
1681 3222 1800 3294 maior,
1828 3238 1887 3300 pro
1917 3231 2063 3305 tempore

1315 3313 1469 3386 existens,
1491 3313 1529 3376 ab
1552 3313 1640 3376 omni
1659 3314 1817 3377 ordinaria
1842 3317 2062 3384 iurisdictione

1314 3408 1468 3470 immunis
1492 3415 1588 3485 atquc
1609 3419 1780 3486 exemptus
1798 3411 1871 3484 erit,
1889 3421 1987 3490 prout
2010 3433 2062 3478 au·

1314 3503 1460 3566 ctoritate
1475 3509 1583 3564 nostra
1604 3501 1775 3579 apostolica
1790 3519 1847 3582 per
1864 3505 1918 3567 bas
1940 3506 2062 3571 litteras

1314 3595 1465 3682 eumdem
1495 3595 1669 3658 eximimus
1690 3604 1787 3672 atoue
1808 3596 1883 3660 buic
1905 3598 2062 3678 Apostoli-

1313 3707 1367 3754 cae
1390 3689 1463 3752 Sedi
1484 3689 1669 3752 immediate
1683 3689 1871 3754 subiicimus
1895 3710 1929 3755 ac
1956 3697 2062 3758 subie-

1312 3790 1399 3848 ctum
1412 3782 1621 3846 declaramus.
1637 3783 1725 3857 Quod
1743 3785 1768 3846 si
1792 3786 1978 3866 episcopalis
1993 3789 2062 3853 sive

1312 3876 1589 3956 archiepiscopalis
1611 3877 1764 3940 ecclesiae
1791 3880 1943 3957 regimini
1965 3882 2064 3945 luerit

1313 3969 1380 4050 ipse
1392 3970 1603 4049 praepositus,
1620 3987 1636 4031 a
1651 3970 1844 4035 residentiae
1866 3977 2062 4055 praescripto

1312 4065 1400 4127 iuxta
1422 4065 1587 4128 canonicas
1609 4066 1790 4130 sanctiones
1813 4068 1947 4132 minime
1967 4070 2061 4135 illum

1312 4159 1453 4222 solutum
1484 4158 1636 4222 velumus
1664 4165 1760 4236 atque
1785 4162 1950 4226 edicimus.
1973 4165 2058 4229 ldem

1313 4267 1420 4328 porro,
1434 4252 1706 4330 quemadmodum
1722 4253 1972 4337 drcbiepiscopi,
1989 4260 2061 4338 Epi-

1312 4346 1410 4423 scopi,
1433 4345 1551 4422 aliique
1581 4346 1727 4410 locorum
1755 4348 1912 4412 Ordinarii
1935 4353 2057 4424 solent,

1312 4438 1343 4500 vi
1355 4440 1546 4517 apostolicae
1563 4449 1691 4504 nostrae
1706 4445 1920 4506 concessionis
1936 4446 2059 4509 ordina-

1312 4535 1390 4594 riam
1404 4533 1660 4598 iurisdictionem
1677 4537 1850 4610 exercebit,
1866 4546 1932 4600 tum
1945 4539 1978 4601 in
1990 4556 2059 4619 cap-

1313 4627 1456 4704 pellanos
1476 4621 1620 4705 aliosque
1649 4645 1760 4692 omnes
1784 4637 1816 4693 et
1835 4632 1980 4710 singulos
2002 4635 2060 4695 im-

1312 4720 1423 4799 periali
1444 4721 1560 4784 sacello
1583 4722 1740 4796 addictos,
1766 4731 1834 4786 tum
1856 4725 1889 4786 in
1911 4726 2060 4805 imperia·

1312 4813 1376 4876 lem
1410 4814 1560 4878 iamiliam
1592 4815 1732 4894 aliasque
1765 4833 1877 4880 omnes
1909 4835 2060 4896 personas

1312 4907 1417 4970 eidem
1438 4919 1509 4972 actu
1524 4909 1740 4972 inservientes
1758 4911 1809 4972 vel
1826 4911 1974 4986 addictas,
1991 4914 2060 4976 ubi·

1311 5017 1451 5078 cumque
1464 5002 1640 5080 imperator
1650 5003 1785 5080 eiusque
1800 5005 1976 5082 imperialis
1990 5007 2059 5068 aula

1311 5102 1480 5168 versetur,
1514 5111 1573 5157 nec
1602 5112 1666 5158 non
1699 5097 1731 5158 in
1763 5112 1914 5176 personas
1946 5115 2058 5163 omnes

1311 5188 1466 5266 cuiusque
1495 5189 1635 5261 ordinis,
1665 5191 1856 5254 conditionis
1884 5210 1919 5254 ac
1949 5210 2056 5267 sexus,

1311 5297 1392 5359 quae
1414 5283 1532 5360 degant
1560 5294 1592 5346 et
1613 5293 1858 5348 commorentur
1881 5287 1914 5348 in
1937 5288 2058 5365 palatiis

1310 5376 1529 5454 imperialibus
1554 5385 1621 5440 tum
1645 5378 1826 5451 Parisiensi,
1853 5380 2057 5444 100010000-

1310 5469 1420 5542 liensi,
1444 5476 1512 5532 tum
1541 5471 1573 5532 in
1600 5471 1672 5544 1110,
1696 5473 1781 5549 quod
1804 5480 1988 5536 extructum
2011 5481 2059 5537 est

1310 5563 1392 5640 apud
1416 5561 1447 5624 S.
1464 5561 1576 5634 Cloud,
1594 5564 1662 5626 sive
1684 5565 1717 5626 in
1738 5565 1870 5628 aedibus
1886 5567 2057 5646 imperiali-

1310 5656 1388 5729 buo,
1412 5672 1492 5734 quae
1520 5657 1578 5718 sita
1599 5666 1676 5720 sunt
1698 5659 1731 5720 in
1753 5658 1831 5721 locis
1853 5677 1868 5720 a
1890 5660 2057 5724 110010100-

1312 5751 1438 5822 bleaux,
1452 5750 1661 5829 Compiegne,
1674 5751 1900 5824 Rambouillet,
1917 5754 2058 5832 donique
