4836 7002
230 623 234 628 .
320 577 373 634 An.
386 577 414 634 G.
429 575 498 634 troo

340 1087 514 1134 Rbemeusem

304 1137 457 1184 antistitem
474 1141 516 1184 Pa-

303 1191 456 1237 risienaium
478 1203 516 1237 co

305 1246 440 1290 mitiorum
454 1257 517 1302 prae-

304 1300 386 1344 sidem
422 1298 517 1356 specia-

303 1406 389 1453 laude.

552 573 612 638 aot

535 719 668 785 ctanter,
687 713 849 776 bonorum
871 712 1029 785 omnium,
1046 715 1206 790 quotquot
1227 709 1284 773 Ec·

534 805 649 868 clasiae
661 805 716 868 dlii
730 813 806 867 sunt
818 806 1044 884 obsequentes,
1055 803 1283 884 approbatione

534 915 660 962 summa
672 899 884 976 omniumque
896 897 1027 961 laudum
1040 897 1221 976 praeconio,
1235 913 1285 960 re·

536 991 589 1068 gio
619 992 723 1054 edicto
745 1007 804 1053 sno
826 1007 891 1054 non
914 983 1071 1055 dubitavit
1091 991 1281 1067 intringere.

575 1086 594 1161 ς
615 1082 644 1146 6.
659 1083 702 1146 te
717 1100 807 1156 vero,
824 1083 1019 1146 venerabilis
1034 1084 1144 1156 irater,
1161 1091 1285 1162 aposto·

537 1177 594 1239 lica
617 1185 724 1240 nostra
746 1177 839 1240 laude
862 1193 926 1240 non
952 1176 1173 1240 existimamus
1200 1176 1284 1240 irau-

536 1272 687 1342 dandum,
718 1271 773 1350 qui
798 1277 883 1332 tuam
912 1269 1114 1335 voluntatem
1136 1286 1218 1333 cum·
1234 1287 1285 1334 re·

535 1459 740 1520 coniunxisti.
764 1458 807 1520 Te
822 1473 977 1530 amamus,
993 1457 1077 1536 quod
1094 1458 1130 1520 ad
1147 1473 1203 1520 nos
1220 1473 1284 1520 non

535 1566 649 1612 eorum
671 1561 736 1615 acta
760 1551 865 1620 modo.
889 1550 1061 1612 sedetiam
1086 1557 1155 1613 tuas
1177 1549 1284 1613 literas

536 1642 743 1719 perferendas
775 1643 904 1714 curasti,
928 1657 1009 1720 quae
1042 1643 1161 1704 diserte
1193 1642 1283 1706 nobis

536 1737 699 1810 nunciant,
724 1745 755 1799 te
776 1737 812 1798 ad
837 1735 942 1798 omnia
966 1745 1109 1814 paratum
1132 1752 1203 1799 esse
1226 1753 1284 1816 pro

536 1829 678 1893 Christo:
705 1837 735 1893 te
758 1831 896 1908 denique
920 1831 951 1892 in
974 1831 1110 1892 Domino
1132 1847 1283 1908 rogamus

536 1932 568 1986 et
596 1925 818 1998 obsecramus,
849 1925 903 2004 qui
927 1925 1088 2004 praeclaro
1115 1925 1284 2005 Episcopo·

537 2034 609 2081 rum
632 2020 805 2083 conventui
828 2029 864 2080 ut
885 2035 1047 2098 praeesses
1068 2020 1226 2098 disposuit
1240 2021 1284 2082 di-

537 2113 609 2175 vina
632 2113 792 2191 dignatio,
817 2129 857 2176 ne
878 2113 1059 2176 committas
1081 2121 1116 2176 ut
1139 2114 1284 2176 tentatio-

537 2207 631 2270 nibus
653 2216 707 2270 ant
731 2217 880 2271 avocatus
909 2214 963 2269 ant
992 2208 1111 2278 victus,
1135 2209 1219 2286 quod
1243 2209 1285 2270 ait

537 2307 660 2380 martyr
674 2300 863 2380 Cyprianus,
882 2299 913 2362 in
934 2301 1039 2363 medio
1055 2301 1155 2364 laudis
1170 2311 1203 2364 et
1218 2301 1284 2378 glo·

538 2395 602 2456 riae
623 2393 740 2456 itinere
769 2395 912 2464 desistas,
947 2395 1203 2472 necquidquam
1229 2396 1283 2458 tibi

539 2488 759 2567 praestabilius
780 2489 832 2560 sit,
849 2502 944 2564 quam
967 2503 1048 2566 quae
1064 2497 1171 2552 sancte
1192 2489 1285 2552 nobis

538 2583 710 2662 promittis,
733 2592 779 2654 ut,
796 2581 943 2645 alacriter
963 2583 1116 2661 impleas3
1140 2601 1174 2646 ac
1197 2601 1284 2663 prae-

537 2677 647 2754 cipue,
680 2691 740 2756 qua
769 2675 856 2738 vales
886 2675 1062 2754 plurimum
1091 2678 1172 2756 apud
1202 2678 1284 2740 cbri-

526 2771 768 2833 stianissimnm
791 2786 903 2847 regern
926 2772 1035 2848 gratia,
1053 2770 1139 2833 iilam
1157 2772 1285 2849 pollice-

1053 591 1118 638 tun.
1144 591 1235 637 PONT.
1259 591 1300 636 DE
1322 591 1351 637 P.
1376 592 1405 636 F.
1430 591 1514 636 natta
1535 591 1557 636 1.

1338 709 1382 772 ris
1411 711 1448 773 ad
1467 695 1709 773 sustentandam
1730 707 1935 771 christianam
1957 705 2087 783 roligio-

1339 819 1413 866 nem
1429 820 1515 866 nunc
1532 803 1670 866 maxime
1685 801 1723 864 ab
1738 801 1844 880 impiis
1856 799 2084 870 labetactanm.

1339 897 1638 974 defendendamque
1667 895 1853 960 catholicam
1883 894 1979 956 iidem
2002 893 2088 956 adbi-

1338 991 1434 1066 beas;
1454 992 1498 1053 sic
1520 991 1608 1054 enim
1630 1005 1725 1068 quam
1748 989 1831 1051 bene
1847 988 1986 1066 gessisti,
2003 987 2087 1052 bone

1338 1084 1450 1146 itidem
1474 1099 1543 1146 rem
1568 1099 1685 1161 gerens
1707 1084 1740 1145 in
1762 1089 1948 1161 posterum,
1972 1097 2085 1144 eorum

1339 1193 1403 1240 non
1426 1177 1522 1240 modo
1551 1178 1745 1255 comprimes
1773 1192 1887 1247 uoces,
1910 1191 1991 1253 quos
2023 1192 2087 1238 non

1339 1271 1475 1334 obscure
1497 1271 1615 1332 indicas
1632 1271 1688 1333 tibi
1704 1269 1787 1332 torte
1807 1270 2014 1342 obtrectasse,
2031 1271 2085 1332 sed

303 1352 322 1398 ¹¹
346 1353 517 1410 tf⁰⁵⁰t¹²it¹¹f
536 1363 817 1442 ligiosissimorum
846 1364 1034 1426 antistitum
1065 1363 1283 1426 voluntatibus
1329 1365 1434 1427 etiarn
1457 1362 1670 1442 prudentibus
1693 1365 1906 1426 humanarum
1925 1364 2086 1428 actionum

1338 1458 1607 1530 aestimatoribus,
1631 1465 1663 1522 et
1695 1460 1750 1536 qui
1780 1458 1896 1520 ubido
1928 1457 2086 1535 reiigione

1338 1551 1443 1628 agitur
1465 1552 1535 1614 iuro
1551 1553 1657 1614 omnia
1679 1553 1832 1629 redigunt
1845 1553 1882 1614 ad
1898 1553 2085 1614 acerrimam

1339 1661 1485 1707 normam
1498 1647 1624 1708 abunda
1635 1646 1839 1720 satistaciens,
1854 1649 1942 1709 omni
1955 1655 1986 1709 te
1999 1663 2086 1725 prae·
2101 1631 2109 1648 ’

1339 1739 1495 1802 dicatione
1518 1739 1652 1816 dignum
1666 1741 1852 1816 exhibebis3
1870 1748 2007 1818 tuaeque
2022 1741 2087 1802 vir-

1339 1833 1399 1894 tuti
1430 1831 1552 1894 debitas
1573 1833 1611 1894 ab
1633 1833 1671 1894 iis
1694 1833 1840 1896 reterens
1871 1834 1997 1906 laudes,
2022 1850 2086 1897 non

1339 1925 1480 2013 bumano
1502 1926 1672 2002 praeconio
1695 1927 1857 1988 sublatum
1872 1927 2015 1988 animum
2032 1942 2086 2004 ge·

1338 2033 1425 2091 rens,
1447 2019 1503 2082 sed
1526 2028 1685 2097 tamquam
1709 2021 1747 2084 ab
1770 2037 1826 2094 eo,
1850 2022 1905 2100 qui
1928 2030 1958 2084 te
1980 2023 2086 2085 divina

1338 2112 1458 2174 virtute
1480 2129 1536 2175 sua
1558 2120 1590 2176 et
1611 2116 1711 2191 gratia
1730 2115 1900 2188 adiuverit,
1923 2133 2087 2180 commen·

1338 2204 1440 2276 datus,
1458 2207 1529 2268 iure
1552 2208 1671 2286 poteris
1687 2208 1718 2270 in
1735 2209 1871 2271 Domino
1887 2209 2034 2286 gloriari3
2056 2219 2088 2272 et

1338 2300 1528 2366 fraternitati
1549 2310 1632 2374 tuae,
1649 2303 1762 2366 intimo
1778 2305 1880 2366 nostri
1895 2305 2000 2367 cordis
2014 2305 2087 2367 atie·

1337 2405 1402 2469 ctu,
1422 2395 1626 2475 apostoticam
1651 2397 1907 2462 benedictionem
1924 2414 2087 2477 peraman-

1339 2498 1387 2552 ter
1410 2491 1628 2568 impertimur.

1380 2584 1492 2645 Datum
1519 2584 1649 2657 Romae,
1676 2587 1757 2662 apud
1785 2585 1816 2648 S.
1844 2587 1972 2650 Mariam
1996 2587 2087 2650 binio-

1339 2693 1420 2747 rem.
1444 2678 1504 2740 sub
1526 2678 1646 2740 annulo
1674 2678 1853 2752 Piscatoris,
1881 2680 1932 2742 die
1954 2697 2007 2743 xx.
2033 2698 2088 2744 no-

1339 2773 1480 2834 vembris
1503 2788 1676 2844 uncccuv,
1702 2781 1789 2851 pont.
1812 2775 1914 2836 nostri
1929 2791 1980 2836 an.
1997 2793 2066 2837 vrn.

2123 571 2176 628 An.
2188 571 2217 629 C.
2232 567 2306 626 trab
