4814 6998
820 641 970 688 EORHULA
992 640 1216 686 PEDEESSIONIS
1238 640 1326 685 FIDE!

293 765 435 844 θανασίμῳ
457 759 593 844 οἱμαρτία,
617 756 636 839 ή
661 766 708 822 καὶ
733 761 854 846 ένμόνη
875 765 913 844 τῇ
936 781 1046 840 προπα-

293 861 392 940 τορικῇ
425 855 629 934 ἀποβιοιίντων,
664 857 770 923 εὐθέως
798 857 977 932 καταβαίνειν
1005 851 1044 918 είς

294 946 382 1026 οίδην,
418 954 565 1032 τιμωρίαις
601 948 677 1031 ὁμως
711 950 814 1018 ἀνίσοις
848 949 1045 1030 τιμωρηθησο-

293 1044 391 1124 μένας.

325 1137 390 1198 Ἔτι
412 1138 468 1216 τήν
488 1135 571 1218 οἱγίαν
588 1140 802 1216 Ἀποστολικήν
823 1137 972 1218 καθέδραν,
995 1136 1041 1194 καὶ

291 1233 341 1292 τὸν
360 1229 526 1312 Ῥωμαϊκὸν
544 1233 704 1314 Ἀρχιερέα
721 1232 758 1300 εἷς
774 1237 867 1292 πᾶίσαν
881 1233 936 1308 τήν
950 1229 1044 1288 οίκου-

292 1327 383 1404 μένην
408 1327 442 1386 τὸ
471 1333 612 1407 πρωτεῖον
641 1327 789 1408 κατέχειν,
821 1325 909 1385 αὐτόν
930 1349 960 1381 τε
990 1325 1041 1381 τὸν

288 1418 457 1498 Ῥωμαϊκόν
485 1419 645 1502 Ἀρχιερέοι
671 1421 800 1502 διόδοχον
822 1412 893 1478 εἶναι
915 1421 965 1477 τοῦ
989 1439 1044 1496 μα-

292 1517 387 1592 καρίου
409 1513 522 1596 Πέτρου
538 1520 589 1573 τοῦ
605 1517 753 1597 κορυραίου
768 1519 823 1573 τῶν
841 1511 1039 1579 Ἀποστόλων,

291 1609 337 1666 καὶ
362 1607 456 1684 τίληθή
476 1609 680 1690 σοποτηρητήν
694 1613 746 1668 τοῦ
762 1611 897 1689 Χριστοῦ,
919 1607 965 1664 καὶ
986 1603 1042 1662 ποί-

290 1725 340 1776 σης
361 1706 414 1776 τῆς
432 1701 604 1777 ’Πκκλησίας
627 1702 765 1784 κεραλήν,
790 1703 836 1760 καὶ
858 1701 972 1759 παίντων
985 1702 1040 1756 τῶν

292 1797 466 1875 Χριστιανῶν
489 1796 607 1878 Πατέρα
628 1798 675 1854 καὶ
696 1795 870 1855 Διδοίσκαλον
886 1791 1038 1874 ὁποίρχειν·

290 1892 337 1947 καὶ
360 1889 438 1970 αὐτῷ
462 1889 493 1946 ἐν
513 1893 554 1969 τῷ
575 1893 704 1970 μακαρίῳ
727 1890 830 1970 Πέτρῳ
852 1893 903 1948 τοῦ
926 1888 1041 1964 ποιμαί-

290 2006 358 2052 νειν,
375 1984 421 2041 καὶ
437 1982 578 2054 διιθόνειν,
596 1984 642 2042 καί
658 1986 793 2064 κυβερνᾷίν
807 1982 862 2058 τήν
877 1980 1040 2055 Καθολικήν

286 2076 461 2151 Ἐκκλησίαν
485 2073 541 2136 ῦπὸ
565 2081 617 2136 τοῦ
639 2080 744 2158 Κυρίου
760 2074 842 2154 ήμῶν
859 2076 956 2151 Ἰησοῦ
973 2077 1042 2155 Χρι-

291 2174 359 2229 στοῦ
390 2170 488 2251 πλήρη
525 2168 651 2240 ἐξουσίαν
682 2170 899 2250 παραδεδόσθαι·
932 2170 991 2227 καθ’
1009 2162 1040 2226 όν

290 2264 393 2344 τρόπον
414 2265 460 2322 καὶ
486 2264 516 2322 ἐν
537 2271 596 2330 τοῖς
618 2271 782 2345 πρακτικοῖς
805 2269 860 2322 τῶν
882 2262 1041 2342 οίκουμενι-

291 2363 346 2418 κῶν
368 2358 502 2428 συνόδων,
526 2360 572 2416 καὶ
594 2365 654 2424 τοῖς
677 2361 763 2440 ίεροῖς
793 2357 892 2416 κανόσι
922 2358 1042 2432 διαλαμ-

291 2451 419 2529 βαίνεται.

332 2545 453 2626 Προσέτι
487 2543 618 2624 ὁμολογῶ
647 2549 693 2604 καὶ
723 2545 916 2625 προσδέχομαι
949 2541 1041 2602 τοίλλα

291 2639 395 2708 πέντα,
420 2635 502 2698 α’τινα
525 2639 558 2698 έκ
579 2645 634 2698 τῶν
655 2639 802 2720 δογμαίτων
823 2644 876 2714 τής
899 2641 976 2718 ίερῦς
993 2638 1039 2695 καὶ

290 2730 486 2810 οίκουμενικῆς
509 2736 684 2814 Τριδεντίνης
707 2733 844 2802 Συνόδου,
866 2730 885 2808 ή
909 2729 977 2810 οίγία
992 2732 1039 2789 καὶ

291 2828 354 2905 ’τερα
386 2823 538 2905 Ῥωμαῖκή
575 2829 621 2886 καὶ
653 2827 848 2901 ἰίποστολική
881 2827 1041 2901 Ἐκκλησία

289 2922 359 3000 πρὸς
388 2928 446 2986 τοῖς
478 2920 509 2980 έν
536 2926 576 3002 τῷ
609 2921 704 2980 έπένω
735 2921 878 3003 εἰρημένῳ
907 2919 1040 3000 συμβόλῳ

290 3015 507 3095 κατεχομένοις,
540 3013 751 3094 ὁμολογηθῆναι
775 3017 821 3074 καὶ
846 3015 1039 3096 αἰποδεχθήναι

290 3107 429 3188 προέθηκε
453 3111 500 3168 καὶ
522 3109 660 3190 διώρισεν,
685 3107 720 3175 ὠς
745 3104 856 3169 έπεται.

330 3201 387 3268 Tic
414 3201 621 3269 ’Λποστολικαίς
643 3204 690 3261 καί
719 3201 957 3276 έκκλησιαστικτὶς
987 3224 1043 3259 πα-

290 3293 429 3372 ραδόσεις,
446 3297 493 3353 καὶ
509 3297 560 3361 τοὶς
573 3296 675 3361 λοιποὶς
691 3301 743 3371 τῆς
760 3295 850 3370 αὐτῆς
867 3294 1041 3369 Ἐκκλησίας

290 3388 424 3468 διαταγαίς
456 3387 633 3470 ἰσχυρότατα
662 3387 841 3470 τίποδέχομαι
870 3389 917 3446 καὶ
949 3386 1044 3447 iores(-

294 3485 387 3558 ζομαι.

323 3573 389 3634 Ἔτι
400 3577 455 3652 τήν
466 3579 554 3636 Θείαν
571 3578 686 3659 Γραρήν
702 3579 765 3636 κατ’
778 3574 889 3636 έκεῖνον
900 3576 951 3634 τὸν
962 3579 1039 3644 νοῦν,

290 3664 323 3728 ὁν
347 3667 487 3748 ἐκρότησε
518 3673 563 3730 καὶ
594 3677 696 3750 κρατεῖ
718 3667 737 3746 ή
762 3668 829 3749 αἱγία
851 3670 947 3750 μήτηρ
975 3669 1043 3727 Ἐκ-

290 3765 404 3840 κλησία,
422 3762 456 3838 ής
472 3764 547 3830 τινός
566 3763 625 3824 ἐστι
648 3767 787 3846 διακρῖναι
810 3769 874 3844 περὶ
897 3768 949 3839 τής
970 3763 1043 3837 ila,-

287 3861 365 3933 θινής
384 3857 489 3923 ἐννοίας
506 3860 551 3916 καὶ
571 3856 721 3938 ἑρμηνείας
733 3863 789 3918 τῶν
800 3861 894 3918 Θείων
910 3862 1040 3940 Γραριῦν,

290 3951 481 4032 αἰποδέχομαι·
506 3953 552 4010 καὶ
577 3952 668 4029 αὐτήν
690 3953 829 4011 οὐδέποτε
855 3951 878 4009 εί
901 3953 942 4030 μή
968 3953 1040 4010 κατα

291 4045 345 4120 τήν
363 4043 506 4123 ὁμόθυμον
528 4049 687 4128 συμρωνίαν
711 4051 766 4104 τῶν
789 4045 928 4126 Πατέρων
949 4045 1044 4128 λήψο-

289 4141 340 4215 μαί
355 4163 385 4196 τε
410 4139 457 4196 καὶ
483 4135 663 4220 έρμηνεόσω.

329 4234 385 4292 Καὶ
407 4233 493 4291 πόλιν
515 4231 645 4312 ὁμολογῶ
678 4230 753 4290 έπτοί
781 4225 853 4290 εἶναι
878 4229 964 4296 ὅντως
995 4233 1041 4288 καὶ

289 4325 363 4392 ίδίως
385 4328 421 4385 τοί
444 4331 496 4385 τοῦ
519 4330 618 4386 καινοῦ
640 4327 727 4403 νόμου
750 4326 903 4405 μυστήρια,
927 4326 962 4383 ταί
983 4322 1039 4383 ῦπὸ

289 4424 340 4480 τοῦ
356 4423 461 4500 Κυρίου
477 4417 560 4498 ήμῶν
577 4421 676 4496 Ἰησοῦ
693 4421 816 4499 Χριστοῦ
836 4418 1042 4496 διατεταγμένα

290 4512 328 4579 είς
350 4515 493 4592 σωτηρίαν
514 4517 565 4572 τοῦ
591 4512 760 4592 ιἰνθρωπίνου
782 4511 899 4590 γένους,
930 4504 982 4582 καίν
1009 4509 1041 4568 οὐ

288 4598 382 4666 πίττα
410 4607 592 4673 καθεκτίστοις
624 4606 778 4685 τίναγκαῖα,
808 4608 841 4664 τό
875 4604 1040 4682 Βαίτιτισμα,

288 4703 321 4760 τὸ
347 4702 470 4780 Χρίσμα,
493 4701 548 4776 τήν
570 4699 774 4781 Εὖχαριστίαν,
798 4701 852 4774 τήν
867 4699 1040 4769 Μεταίνοιαν,

289 4795 321 4853 τὸ
338 4794 513 4875 Εῦχέλαιον,
529 4793 584 4869 τήν
601 4796 791 4872 Χειροτονίαν,
809 4795 855 4851 καίΙ
868 4794 920 4850 τόν
933 4793 1040 4869 ίάίμον,

289 4890 335 4947 καὶ
357 4893 449 4947 ταῦτα
470 4888 553 4969 χαίριν
572 4888 723 4968 παρέχειν·
740 4887 849 4946 τούτων
863 4888 892 4944 δέ
911 4887 944 4945 τδ
961 4887 1043 4946 Birt·

290 5005 388 5060 τισμα,
411 4982 444 5040 τό
470 4983 593 5061 Χρίσμα,
618 4982 664 5039 καὶ
691 4981 746 5056 τήν
762 4981 1041 5060 Χειροτονίανχωρὶξ

293 5076 447 5155 ἱεροσυλίας
470 5077 639 5153 δευτερεῦσαι
662 5073 694 5132 οὖ
717 5073 808 5151 θέμις.

321 5262 386 5321 Ἔτι
409 5263 474 5328 τοῦς
491 5259 547 5321 όπὸ
565 5267 617 5338 τής
635 5261 808 5337 Ἐκκλησίας
832 5261 1040 5341 αίποδεχθέντας

290 5359 335 5416 καὶ
361 5355 584 5436 ε’πικυρωθέντας
605 5357 736 5432 θεσμοὸς,
760 5354 790 5413 ἐν
805 5359 842 5437 τῇ
859 5353 972 5413 ποίντων
987 5357 1042 5410 τῶν

289 5449 501 5531 προλεχθέντων
516 5453 677 5528 μυστηρίων
696 5448 831 5529 ἐπισήμῳ
845 5449 1039 5527 τελετουργία,

289 5547 438 5623 προσίεμαι
462 5544 508 5600 καὶ
533 5541 724 5623 ἀποδέχομαι.

321 5632 456 5694 ”ιίπαντα
477 5638 523 5694 καί
549 5634 712 5694 καθέκαστα
733 5635 768 5692 τί
785 5636 848 5714 περὶ
864 5638 917 5709 τῆς
933 5656 1043 5714 προποι-

289 5734 402 5809 τορικής
427 5727 576 5809 αίμαρτίας,
600 5715 646 5786 καὶ
670 5727 851 5797 δικαιώσεως,
871 5726 901 5786 ἐν
916 5731 954 5810 τῇ
977 5729 1040 5807 'ispi'

290 5823 335 5881 isai
356 5819 424 5901 οἱγία
438 5824 600 5903 ’ίίριδεντίνη
623 5822 739 5902 Συνόδῳ
762 5821 935 5900 διορισθέντα
956 5821 1042 5898 δέχο·

289 5940 339 5994 μαι
362 5917 410 5974 καὶ
434 5914 610 5994 α’σπτίζομαι.

325 6007 448 6086 Ὁμοίως
464 6007 594 6089 ὁμολογῶ
612 6008 641 6068 έν
653 6013 691 6088 τῇ
706 6011 768 6081 θεία
781 6009 943 6091 λειτουργία
956 6031 1041 6090 προσ-

1773 621 1832 684 eet

1100 773 1177 820 mox
1198 758 1230 819 in
1252 757 1416 820 inlernum
1438 759 1647 830 descendere,
1673 757 1783 838 poenis
1807 764 1849 819 ta-

1100 865 1176 914 men
1198 851 1376 930 disparibus
1398 851 1587 931 puniendas.

1138 1135 1217 1196 Item
1249 1133 1393 1196 Sanctam
1423 1132 1639 1210 Apostolicam
1669 1133 1787 1195 Sedem
1817 1139 1850 1194 et

1097 1227 1276 1290 Romanum
1288 1227 1475 1289 Pontificem
1487 1226 1520 1288 in
1532 1227 1721 1291 universum
1735 1226 1847 1290 orbem

1098 1327 1210 1382 tenere
1239 1319 1430 1398 primatum,
1464 1326 1496 1380 et
1523 1319 1628 1397 ipsum
1657 1319 1845 1382 Pontificem

1097 1413 1276 1474 Romanum
1291 1427 1511 1474 successorem
1527 1428 1599 1474 esse
1615 1412 1648 1474 B.
1660 1412 1747 1474 Petri
1763 1412 1849 1491 prin-

1097 1507 1174 1586 cipis
1196 1505 1441 1585 Apostolorum,
1465 1513 1498 1568 et
1518 1520 1635 1568 verum
1658 1505 1777 1569 Christi
1798 1506 1845 1567 ui-

1097 1601 1236 1672 carium,
1274 1599 1438 1678 totiusque
1467 1599 1632 1664 Ecclesiae
1664 1605 1776 1679 caput,
1814 1595 1848 1662 et

1096 1695 1241 1756 omnium
1263 1692 1520 1756 Christianorum
1543 1700 1666 1774 patrem
1688 1711 1722 1756 ac
1738 1693 1844 1756 docto-

1097 1801 1167 1848 rem
1182 1787 1336 1848 existere:
1355 1793 1386 1848 et
1401 1786 1461 1864 ipsi
1475 1787 1508 1849 in
1524 1787 1557 1848 B.
1572 1787 1667 1849 Petro
1682 1787 1842 1865 pascendi,

1096 1881 1231 1957 regendi
1255 1897 1289 1942 ac
1318 1880 1518 1958 gubernandi
1547 1881 1765 1943 universalem
1787 1880 1845 1942 Ec·

1096 1973 1224 2035 alesiam
1255 1991 1271 2034 a
1303 1974 1438 2036 Domino
1470 1981 1581 2036 nostro
1612 1974 1683 2036 lesu
1715 1972 1846 2036 Christo

1096 2066 1224 2144 plenam
1245 2073 1436 2147 potestatem
1459 2068 1606 2130 traditam
1622 2083 1708 2142 esse;
1732 2081 1846 2145 quem-

1095 2161 1268 2224 admodum
1290 2162 1386 2224 etiam
1407 2163 1440 2223 in
1462 2161 1537 2223 actis
1560 2162 1844 2224 oecumenicorum

1095 2254 1313 2319 Consiliorum
1335 2255 1420 2318 etin
1442 2254 1538 2316 sacris
1566 2253 1741 2318 canonibus
1769 2269 1843 2318 con·

1095 2349 1228 2410 tinetur.

1135 2538 1270 2616 insuper
1292 2537 1447 2615 profiteor
1468 2552 1502 2598 ac
1517 2536 1636 2615 recipio
1651 2535 1710 2598 alia
1725 2537 1859 2610 omnia,

1097 2646 1189 2709 quae,
1206 2648 1246 2694 ex
1268 2631 1405 2694 decretis
1427 2647 1532 2694 sacrae
1548 2630 1774 2694 oecumenicae
1791 2647 1846 2708 ge·

1096 2725 1214 2787 neralis
1246 2725 1366 2804 Synodi
1395 2724 1617 2796 Tridentinae,
1649 2732 1846 2788 sacrosancta

1096 2819 1235 2881 Romana
1257 2824 1288 2880 at
1311 2817 1489 2896 Apostolioa
1511 2813 1662 2891 Ecclesia,
1687 2819 1782 2882 etiam
1800 2819 1846 2882 ul-

1098 2921 1144 2976 tra
1166 2919 1313 2975 contenta
1335 2912 1368 2973 in
1389 2911 1570 2991 supradicto
1594 2913 1667 2975 ddei
1684 2913 1844 2992 symbolo,

1097 3007 1275 3087 profitenda
1298 3023 1332 3068 ac
1353 3006 1535 3085 recipienda
1562 3006 1730 3085 proposuit
1750 3013 1845 3084 atque

1097 3101 1311 3181 praescripsit,
1335 3108 1371 3162 ut
1392 3099 1556 3177 sequitur:

1137 3193 1332 3273 Apostolicas
1354 3199 1386 3255 et
1407 3193 1633 3257 ecclesiasticas
1649 3192 1844 3266 traditiones,

1099 3284 1304 3364 reliquasque
1335 3286 1481 3349 eiusdem
1510 3285 1671 3349 Ecclesiae
1699 3285 1848 3352 observa-

1099 3380 1201 3442 tiones
1235 3386 1267 3442 et
1297 3379 1542 3442 constitutiones
1577 3379 1763 3442 firmissime
1794 3380 1846 3442 ad-

1099 3475 1190 3536 mitto
1213 3479 1245 3536 et
1266 3473 1452 3552 amplector.

1137 3567 1227 3639 ltem,
1241 3583 1361 3629 sacram
1373 3565 1570 3645 Scripturam
1587 3566 1675 3629 iuxta
1687 3583 1762 3630 eum
1775 3584 1847 3631 sen·

1098 3677 1181 3733 sum,
1206 3675 1303 3737 quem
1326 3660 1431 3722 tenuit
1452 3665 1485 3720 et
1506 3666 1595 3722 tenet
1616 3667 1721 3722 sancta
1743 3667 1847 3724 mater

1099 3755 1249 3827 Ecclesia,
1273 3755 1364 3816 cuius
1386 3759 1434 3816 est
1447 3753 1587 3815 iudicare
1602 3753 1642 3816 de
1657 3769 1736 3817 vero
1751 3771 1847 3818 sensu

1099 3855 1131 3910 et
1142 3847 1408 3925 interpretatione
1420 3861 1582 3908 sacrarum
1595 3845 1846 3925 Scripturarum‚

1098 3941 1249 4016 admitt03
1271 3957 1330 4002 nec
1345 3955 1414 4002 eam
1430 3941 1572 4016 unquam
1589 3940 1649 4000 nisi
1670 3940 1758 4003 iuxta
1772 3959 1849 4004 una·

1099 4035 1219 4098 nimem
1243 4049 1435 4098 consensum
1465 4033 1594 4096 Petrum
1624 4034 1789 4113 accipiam,
1818 4043 1850 4099 et

1099 4129 1347 4207 interpretabor.

1114 4223 1295 4292 ,Profiteor
1317 4237 1458 4300 quoque,
1483 4227 1608 4300 septem
1631 4237 1701 4284 esse
1724 4237 1802 4286 vere
1818 4232 1850 4287 et

1100 4317 1229 4394 proprie
1255 4322 1451 4378 sacramenta
1481 4330 1584 4378 novae
1609 4314 1705 4392 Legis
1733 4333 1749 4378 a
1777 4316 1848 4380 lesu

1099 4410 1227 4473 Christo
1250 4410 1386 4472 Domino
1403 4416 1514 4472 nostro
1529 4409 1684 4482 instituta,
1701 4417 1795 4488 atque
1811 4413 1849 4476 ad

1099 4504 1234 4566 salutem
1256 4495 1393 4566 humani
1409 4503 1549 4581 generis,
1567 4502 1641 4565 licet
1659 4519 1724 4566 non
1743 4505 1849 4568 omnia

1098 4598 1245 4675 singulis,
1269 4597 1456 4668 necessaria,
1487 4597 1609 4659 scilicet
1636 4597 1845 4675 Baptismum‚

1098 4691 1396 4762 Confirmatiouem,
1420 4689 1664 4762 Eucharistiam,
1681 4690 1849 4755 Poeniten-

1099 4785 1186 4857 tiam,
1210 4785 1395 4846 Extremam
1420 4783 1623 4853 linctionem,
1641 4781 1794 4846 Ordinem
1818 4793 1850 4848 et

1100 4878 1349 4950 Matrimonium,
1373 4877 1493 4954 illaque
1516 4875 1650 4953 gratiam
1679 4876 1845 4940 conferre:

1099 4980 1131 5034 et
1159 4989 1199 5034 ex
1231 4973 1281 5033 his
1309 4971 1526 5050 Baptismum‚
1559 4969 1845 5034 confirmationem

1099 5073 1131 5128 et
1151 5064 1304 5128 Ordinem
1326 5065 1396 5127 sine
1418 5062 1586 5141 sacrilegio
1613 5063 1761 5125 reiterari
1784 5081 1848 5127 non

1099 5177 1203 5242 posse.

1138 5257 1293 5333 Receptos
1315 5267 1445 5331 quoque
1466 5259 1499 5314 et
1524 5251 1713 5330 approbatos
1743 5251 1849 5314 Eccle-

1098 5351 1162 5411 siae
1194 5346 1365 5410 catholicae
1398 5345 1490 5418 ritus,
1524 5345 1557 5406 in
1590 5344 1848 5422 supradictorum

1086 5442 1244 5514 omnium
1266 5445 1540 5502 sacramentorum
1562 5438 1699 5501 solemni
1716 5438 1849 5501 admini-

1033 5583 1035 5588 κ
1097 5536 1261 5607 stratione,
1286 5533 1405 5611 recipio
1432 5539 1464 5595 et
1484 5533 1628 5594 admitto.

1136 5626 1247 5691 Omnia
1269 5633 1302 5689 et
1323 5626 1460 5704 singula,
1484 5641 1565 5702 quae
1588 5625 1627 5686 de
1642 5631 1771 5702 peccato
1786 5625 1848 5686 ori-

1098 5723 1195 5801 ginali
1219 5729 1251 5784 et
1279 5721 1317 5783 de
1346 5719 1570 5782 iustificatione
1591 5719 1624 5780 in
1653 5725 1850 5782 sacrosancta

1098 5817 1281 5880 Tridentino
1314 5814 1444 5894 Synodo
1476 5812 1605 5876 dednita
1633 5817 1666 5874 et
1693 5811 1848 5874 declarata

1096 5910 1239 5984 luerunt,
1263 5909 1438 5987 amplector
1461 5912 1493 5968 et
1514 5905 1645 5983 recipio.

1136 6004 1292 6068 Profiteor
1314 6002 1434 6082 pariter
1459 6000 1492 6063 in
1520 6001 1616 6062 missa
1645 5997 1754 6061 offerri
1781 5998 1847 6062 Deo
