4756 6994
318 549 372 604 Au.
386 548 414 604 C.
428 547 495 603 1757
555 546 611 608 llll

872 680 949 742 Vlll.

535 870 582 932 Ad
606 868 790 948 Aethiopiae
810 884 925 948 repen,
949 867 986 930 de
1000 869 1107 930 reditu
1123 867 1164 932 ad
1181 867 1285 930 Eccle-

573 964 654 1026 siam
678 961 871 1026 catholicam
894 961 1097 1042 coqitautent,
1114 960 1192 1023 dieas
1213 962 1285 1022 mit-

575 1057 614 1117 tit
634 1055 756 1135 [ratres
782 1053 912 1118 Ordinis
934 1053 1013 1116 liin.
1041 1053 1285 1118 observantium

575 1149 606 1210 S.
630 1149 811 1218 Francisci,
835 1146 1021 1226 quibuscum
1041 1147 1159 1211 collata
1175 1147 1282 1226 op'era,

574 1261 640 1304 rent
659 1244 819 1324 perficere,
844 1247 874 1327 et
894 1239 1035 1302 subditos
1057 1241 1098 1303 acl
1113 1241 1195 1304 idern
1216 1256 1285 1320 per·

573 1337 744 1418 finiendum
768 1336 918 1398 iuducere
943 1335 1062 1414 passit;
1091 1351 1222 1411 euntque
1242 1334 1283 1395 si·

574 1432 640 1492 rard
672 1429 869 1490 volenlentes
897 1430 1019 1492 eccilat
1045 1429 1086 1490 ad
1115 1427 1284 1489 consilium

574 1523 803 1601 coaequandum,
825 1523 991 1602 promissis
1009 1521 1106 1585 etiam
1122 1521 1195 1584 aliis
1217 1537 1284 1600 ope-

573 1617 685 1685 rariis,
709 1616 737 1677 si
758 1633 808 1678 eos
829 1615 1010 1694 patrocinio
1031 1631 1087 1677 suo
1110 1616 1215 1688 torrere
1236 1630 1284 1676 oc-

574 1713 612 1776 lit
633 1713 646 1794 l
667 1709 690 1791 ).

561 1897 668 1966 illustri
691 1915 727 1964 ac
751 1896 961 1981 potentissimo
985 1895 1162 1979 Aethiopiae
1186 1894 1258 1979 cepi,

726 2081 914 2151 01ΕΜΕΝ8
943 2082 1004 2148 ΡΡ.
1029 2081 1088 2148 xli.

655 2275 781 2344 illustris
805 2293 842 2342 ao
866 2273 1078 2357 potentissime
1101 2289 1161 2350 rex,

612 2370 740 2437 salutem
764 2375 795 2435 et
818 2369 914 2435 lunen
937 2367 1052 2434 divinae
1074 2367 1201 2449 gratiae.

571 2559 652 2621 Cum
677 2575 716 2620 ex
738 2557 884 2636 Aegypto
907 2558 943 2618 ad
967 2573 1026 2618 nos
1047 2557 1215 2619 colvenerii
1232 2571 1282 2618 re·

532 2655 666 2730 ligiosus
699 2652 849 2714 alumnus
880 2651 1107 2712 Franciscanae
1132 2650 1282 2712 Familiae

531 2748 700 2810 strictioris
724 2745 945 2808 observantiae
970 2759 1199 2822 sacrarumque
1226 2759 1282 2822 per

532 2841 660 2903 illarum
690 2847 851 2902 terrarum
874 2838 998 2916 plagam
1029 2837 1220 2900 missionum
1249 2837 1281 2899 in

531 2951 683 3013 praesens
706 2933 895 3011 praelectus,
919 2931 1104 2994 Franciscus
1123 2931 1281 2993 Antonius

531 3028 741 3106 alliparolio,
765 3027 856 3105 plura
878 3026 1004 3087 locutus
1030 3027 1069 3087 de
1092 3025 1281 3088 celsitudine

1054 566 1120 610 tuit.
1145 566 1237 611 ebur.
1261 567 1301 610 DE
1323 568 1353 612 P.
1378 567 1407 612 F.
1432 568 1515 612 PARS
1536 568 1559 613 1.

1343 684 1527 762 cupientem
1553 685 1750 756 audivimus,
1781 686 1972 748 sustulimus
2004 687 2090 750 illico

1342 777 1379 838 ad
1402 775 1525 838 caelum
1549 793 1671 850 manus,
1695 778 1797 841 Deum
1821 786 1885 858 opt.
1904 795 1987 840 max.
2004 795 2088 842 sum-

1342 870 1402 930 mis
1424 869 1570 948 precibus
1594 870 1759 944 obtestati,
1784 878 1819 933 ut
1847 873 1921 934 huic
1948 872 2090 935 saluber-

1342 962 1426 1024 rimo
1448 963 1581 1026 consilio
1605 971 1659 1026 tuo
1682 965 1839 1043 propitius
1864 967 1975 1028 adesse
1996 965 2088 1028 velit.

1342 1056 1381 1118 Et
1403 1073 1461 1118 uos
1483 1059 1614 1134 quidem
1631 1059 1686 1131 tibi
1701 1059 1854 1122 laetantes
1877 1060 2087 1132 occurrimus,

1342 1150 1511 1212 hortamur
1534 1151 1815 1228 obsecramusque,
1834 1161 1868 1214 ut
1889 1153 1926 1215 ad
1946 1170 2004 1214 nos
2026 1170 2089 1215 ma-

1342 1246 1494 1320 gnanimo
1516 1247 1642 1308 incaesu
1668 1246 1870 1324 ingrediaris,
1895 1263 2089 1326 praesesque

1341 1337 1442 1412 viam,
1467 1355 1561 1416 quam
1585 1347 1637 1401 tua
1667 1355 1762 1416 gens,
1786 1340 1896 1401 eximii
1921 1340 1970 1401 sui
2003 1342 2089 1418 regis

1341 1432 1486 1508 vestigiis
1519 1432 1673 1505 haerens,
1696 1433 1782 1495 illico
1812 1432 1931 1496 initura
1953 1449 2022 1494 esse
2044 1435 2089 1496 vi·

1341 1525 1464 1586 deatur.
1488 1525 1573 1588 Hanc
1588 1541 1667 1588 vero
1689 1533 1725 1587 ut
1740 1527 1890 1588 celeriter
1905 1527 1997 1590 vobis
2020 1541 2088 1590 mu-

1341 1619 1416 1690 niat,
1440 1620 1477 1680 ad
1500 1627 1531 1682 te
1554 1621 1641 1683 nulla
1657 1637 1746 1683 mora
1761 1621 1809 1682 ire
1824 1621 1975 1683 iussimus
1999 1637 2088 1682 eum-

1341 1713 1414 1774 dem
1447 1713 1637 1791 religiosum
1660 1714 1767 1776 virum
1801 1715 2003 1778 Franciscum
2027 1714 2089 1776 Au·

1342 1808 1465 1869 lonium
1489 1825 1504 1868 a
1526 1807 1698 1886 lliparolio,
1720 1809 1770 1870 cui
1795 1809 1917 1871 socium
1944 1809 2088 1870 adiunxi-

1340 1917 1412 1962 mus
1425 1902 1569 1964 eiusdem
1582 1903 1730 1964 Familiae
1746 1902 1888 1965 sodalem
1902 1902 2087 1964 hlicbaelem

1340 1995 1501 2072 Angelum
1537 1997 1577 2058 de
1607 1996 1758 2074 Vastigue
1791 1998 1823 2059 in
1856 2012 2006 2074 praesens
2037 1998 2087 2058 sui

1339 2087 1464 2152 Ordinis
1491 2090 1677 2166 generalem
1700 2098 1942 2168 procuratorem
1965 2091 2087 2152 missio-

1340 2199 1430 2254 num,
1462 2183 1628 2259 bominem
1663 2184 1702 2246 ob
1735 2184 1898 2245 doctrinae
1928 2191 2087 2262 praestan-

1339 2275 1426 2348 tiam,
1443 2291 1554 2338 rerum
1570 2278 1767 2352 agendarum
1787 2277 2002 2355 prudentiam,
2020 2293 2086 2340 mo·

1338 2384 1412 2430 rum
1425 2370 1614 2446 gravitatem
1627 2369 1717 2431 nobis
1728 2370 1872 2448 apprime
1882 2387 2003 2442 carum,
2013 2387 2086 2432 cou-

1338 2463 1423 2525 sulto
1445 2463 1601 2526 selectum
1623 2465 1813 2540 iussumque
1835 2481 1890 2525 ore
1909 2471 2019 2526 nostro
2039 2473 2083 2538 ul,

1338 2557 1436 2619 Roma
1458 2556 1636 2628 discedens,
1660 2557 1697 2619 ad
1713 2564 1743 2618 te
1760 2572 1817 2634 pro
1836 2557 1913 2618 tanti
1929 2557 2087 2618 momenti

1337 2651 1470 2726 negotio
1486 2651 1548 2711 iter
1563 2652 1702 2728 arripiat.
1726 2651 1881 2728 Uterque,
1906 2657 1959 2711 aut
1972 2651 2085 2712 saltem

1337 2762 1433 2816 unus,
1457 2745 1483 2806 si
1505 2745 1589 2808 lorle
1617 2745 1698 2807 alter
1722 2746 1829 2822 aliquo
1853 2746 2085 2823 impedimento

1338 2841 1550 2912 detineretur,
1575 2840 1630 2900 has
1653 2846 1778 2902 nostras
1800 2839 1980 2901 celsitudini
2013 2847 2085 2900 tuae

1337 2934 1451 2996 reddet
1483 2934 1591 2995 literas
1624 2933 1781 3010 pluraque
1810 2941 1922 2994 nostro
1954 2932 2084 2993 nornine

1337 3028 1473 3098 adiiciet,
1491 3027 1619 3104 quibus,
1636 3027 1660 3086 si
1685 3027 1760 3103 quid
1783 3027 1830 3088 rei
1848 3029 2009 3104 gerendae
2031 3043 2085 3088 ex-

532 3129 584 3184 tua
606 3122 775 3184 nobiscum
798 3128 854 3192 est,
873 3135 953 3198 quae
979 3120 1113 3181 mirifice
1135 3120 1280 3182 animum
1308 3074 1311 3211 h
1337 3122 1533 3199 pediendum
1555 3120 1688 3191 accidat,
1714 3120 1804 3182 lacile
1837 3121 2022 3198 expeditum
2045 3121 2084 3180 iri

531 3223 678 3278 nostrum
712 3214 942 3276 exixilararuut.
977 3213 1063 3275 Dixit
1086 3213 1172 3274 enim
1196 3230 1280 3274 com·
1308 3222 1310 3287 !
1337 3232 1402 3276 uon
1430 3215 1624 3277 dubitamus.
1657 3213 1704 3274 Ab
1732 3215 1769 3274 iis
1792 3214 1956 3291 intelliges
1988 3231 2083 3291 quam

532 3317 659 3390 perium
683 3309 742 3369 sibi
766 3323 836 3369 esse
860 3315 889 3368 te
912 3307 967 3368 Dei
985 3309 1117 3367 numine
1140 3307 1279 3367 alilatum
1338 3309 1516 3372 incredibili
1540 3309 1682 3371 feramur
1704 3317 1853 3370 aeternae
1881 3314 1951 3370 tuae
1974 3309 2083 3370 salutis

531 3404 727 3482 egregiaque
751 3402 929 3480 praeditum
952 3401 1081 3462 virtutis
1111 3401 1218 3462 imiole
1241 3401 1279 3462 de
1307 3386 1310 3401 ¹
1337 3403 1508 3474 desiderio,
1527 3410 1558 3464 el
1573 3401 1652 3464 uilxil
1676 3417 1745 3464 esse
1761 3402 1793 3462 in
1809 3401 2008 3480 Apostolicae
2029 3399 2083 3463 Se-

530 3499 704 3576 repetenda
718 3498 902 3572 incorrupta
913 3495 1093 3556 servatoris
1110 3495 1210 3556 nostri
1222 3494 1280 3556 lle-
1307 3478 1309 3567 l
1336 3498 1394 3568 dis,
1420 3498 1470 3558 cui
1493 3513 1561 3568 uus,
1587 3497 1660 3558 licet
1682 3497 1903 3567 immerentes,
1926 3496 2084 3574 praeside-

530 3593 663 3670 ligione,
687 3607 782 3668 quam
807 3589 883 3652 olim
905 3589 1102 3650 nobilissima
1126 3596 1177 3649 tua
1201 3605 1279 3665 gens
1307 3572 1309 3693 l
1337 3607 1419 3660 mus,
1434 3593 1633 3662 auctoritate,
1648 3590 2083 3666 quodiuliuiusmodieven-

531 3685 778 3762 diligentissime
805 3683 920 3754 coluit,
947 3683 1168 3754 constituisse,
1193 3683 1279 3744 abiu·
1307 3698 1309 3773 q
1337 3693 1416 3756 tum,
1451 3686 1506 3747 tibi
1541 3687 1779 3756 necessarium,
1810 3685 1901 3747 nobis
1930 3686 2084 3764 optatissi-

531 3779 639 3841 dicatis
662 3777 827 3839 erroribus
843 3792 923 3853 ques
946 3783 998 3838 aul
1015 3776 1163 3838 inimicus
1182 3776 1279 3838 borno
1307 3776 1309 3839 ἱ
1328 3797 1437 3851 mum,
1456 3797 1519 3840 nou
1540 3779 1641 3840 simus
1662 3778 1800 3840 libenter
1823 3779 1979 3841 collaturi.
2000 3779 2082 3854 ¹Nam

531 3880 584 3934 aut
610 3873 769 3934 incuriosa
801 3871 920 3933 oblivio
952 3887 1062 3932 rerum
1097 3870 1277 3932 divinarum
1306 3862 1309 3947 ζ
1336 3874 1447 3936 caritas
1462 3873 1582 3935 Christi
1597 3879 1704 3949 urget,
1722 3890 1756 3933 ac
1771 3879 1936 3950 praeterea
1958 3873 2036 3936 adeo
2053 3881 2082 3934 te

530 3974 635 4028 rectae
658 3966 731 4028 lidei
764 3966 844 4043 apud
875 3980 932 4026 vos
962 3963 1062 4026 ueluti
1086 3963 1206 4024 zizania
1227 3981 1278 4026 su·
1306 3950 1309 4023 ἶ
1336 3967 1646 4045 praestantissimum
1677 3965 1998 4043 excultissimumque
2021 3968 2083 4028 xir-

531 4059 776 4138 perseminavit;
810 4059 956 4136 quocirca
985 4057 1193 4120 reconciliare
1224 4058 1279 4118 tibi
1306 4036 1309 4078 ¹
1336 4061 1457 4122 tutiluxs
1490 4077 1601 4138 regem
1624 4060 1743 4137 insigni
1765 4060 1990 4122 benevolentia
2012 4077 2083 4138 pro-

530 4154 730 4232 Apostolicae
753 4153 843 4214 Sedis
863 4152 1008 4229 gratiam,
1026 4151 1063 4212 ab
1079 4152 1210 4230 ipsaque
1226 4167 1280 4214 ve·
1306 4150 1308 4213 2
1336 4156 1515 4232 sequimur,
1537 4162 1582 4226 ut,
1601 4156 1660 4216 etsi
1681 4155 1736 4216 tibi
1753 4155 1900 4232 impenso
1917 4155 2004 4216 omui
2019 4161 2084 4215 slu-

530 4249 631 4310 ritatis
661 4249 771 4310 lumen
805 4246 935 4306 haurire
958 4245 1054 4306 velle.
1088 4243 1209 4318 Quanta
1240 4262 1279 4307 ex
1306 4216 1308 4287 b
1336 4249 1387 4310 dio
1409 4248 1589 4310 satisfacere
1602 4265 1694 4325 posse
1710 4248 1917 4320 arbitremur,
1935 4255 2083 4309 nostrum

531 4343 591 4404 hoc
612 4341 807 4403 faustissime
840 4340 953 4401 nuntio
976 4339 1093 4400 laetitia
1119 4339 1210 4400 uobis
1232 4355 1280 4400 ac·
1336 4342 1448 4419 utique
1471 4342 1665 4404 desiderium
1689 4358 1853 4418 nunquam
1876 4341 1949 4404 satis
1971 4357 2084 4418 acqua-

530 4435 680 4506 cesserit,
714 4435 788 4495 satis
820 4434 962 4512 prolecto
994 4432 1153 4510 explicare
1183 4433 1280 4494 haud·
1336 4436 1400 4518 turi
1429 4452 1500 4497 esse
1532 4435 1712 4497 videamur.
1748 4433 1878 4497 Sodales
1910 4435 1982 4497 illos
2005 4451 2083 4512 quos

530 4544 689 4607 quaquam
713 4543 894 4606 possumus.
928 4527 960 4588 ld
983 4542 1085 4587 unum
1110 4542 1166 4604 pre
1192 4535 1279 4589 certo

530 4624 658 4694 habeas,
677 4637 785 4700 parem
802 4621 901 4682 luisse
917 4619 1110 4697 aegritudini
1126 4635 1187 4697 qua
1203 4621 1279 4682 iam-

530 4718 655 4795 pridem
671 4715 933 4778 conllictabamur
944 4713 1132 4790 cogitantes,
1148 4719 1178 4776 te
1195 4721 1279 4776 tanta

530 4811 682 4890 sapientia
719 4825 831 4886 regem
866 4825 900 4870 ac
935 4807 1106 4869 mitissimo
1141 4809 1279 4886 imperio

530 4905 753 4967 moderantem
775 4901 980 4980 amplissimis
1014 4901 1186 4978 provinciis
1217 4901 1279 4963 ire-

530 4997 841 5076 queutissimamque
869 4993 1038 5056 hominum
1063 5011 1115 5056 eas
1138 4995 1279 5057 incolen-

530 5092 611 5155 tium
645 5090 909 5160 multitudinem,
940 5089 995 5164 qui
1028 5088 1088 5150 soli
1121 5095 1168 5149 lot
1195 5089 1279 5150 inter

530 5186 653 5249 Alricae
675 5185 820 5247 nationes
843 5183 962 5246 Christi
984 5199 1104 5244 nonxeu
1121 5189 1279 5262 perpetuo

528 5280 674 5342 venerati
706 5278 802 5350 estis,
826 5279 861 5338 ad
885 5277 984 5355 ipsius
1013 5276 1197 5338 immortale
1230 5293 1279 5338 re·

530 5389 630 5451 guum
653 5373 739 5434 aditu
766 5371 946 5450 prohiberi,
977 5386 1042 5449 quo
1069 5369 1124 5433 SS.
1148 5370 1278 5432 Patrum

528 5467 813 5543 conciliorumque
836 5465 1063 5528 testimoniali
1086 5471 1208 5526 tantum
1231 5481 1278 5526 ac-

528 5561 646 5622 cedunt
662 5561 728 5637 qui,
745 5559 905 5621 llomanae
920 5559 1080 5622 Ecclesiae
1100 5559 1277 5620 doctrinam

1337 4527 1393 4590 tibi
1415 4529 1602 4605 allegamus,
1620 4535 1656 4589 ut
1671 4529 1758 4604 regia
1782 4527 1979 4604 benignitate
2001 4527 2084 4589 exci-

1336 4623 1401 4699 pias
1430 4639 1464 4684 ac
1494 4631 1549 4684 tuo
1578 4622 1753 4700 patrocinio
1785 4623 1896 4694 iuves,
1928 4631 1957 4684 te
1987 4621 2082 4684 eliam

1335 4721 1430 4793 atque
1454 4717 1548 4777 etiam
1565 4731 1712 4790 oramus;
1736 4715 1916 4792 iisdemque
1931 4716 2083 4778 nolumus

1336 4826 1445 4888 parem
1467 4809 1615 4871 adhibeas
1638 4810 1752 4882 iidem,
1777 4825 1873 4886 quam
1895 4809 1986 4872 nobis
2009 4809 2084 4872 allo-

1335 4904 1510 4981 quentibus
1532 4903 1712 4976 adhiberes,
1740 4905 1873 4980 dataque
1897 4904 1952 4966 tibi
1974 4912 2083 4966 nostra

1337 4998 1457 5060 monita
1479 4998 1618 5061 libenter
1636 4999 1869 5076 complectaris,
1889 5007 1996 5060 certus
2019 5014 2084 5060 non

1335 5092 1397 5154 alio
1426 5093 1578 5162 tendere,
1603 5107 1698 5168 quam
1721 5093 1758 5153 ad
1781 5092 2002 5170 praestandam
2031 5109 2084 5154 cu·

1335 5186 1532 5263 caudamque
1564 5185 1619 5247 tibi
1643 5185 1858 5247 immortalem
1885 5184 2081 5248 lelicitatem.

1336 5279 1382 5340 Ab
1404 5279 1443 5340 iis
1465 5279 1622 5357 percipies
1644 5279 1720 5355 quid
1743 5279 1881 5342 maxime
1896 5279 1933 5340 ad
1955 5295 2084 5357 prospe-

1335 5387 1407 5433 rum
1422 5371 1554 5433 huiusce
1570 5371 1617 5433 rei
1633 5371 1756 5433 exitum
1769 5372 1960 5442 conducere,
1976 5378 2008 5432 et
2023 5387 2084 5448 qua

1335 5463 1541 5538 lucilianum,
1557 5465 1684 5526 laveute
1700 5465 1806 5526 divina
1819 5466 1928 5542 gratia,
1944 5465 2084 5527 obtineri

1334 5557 1388 5620 illa
1410 5557 1521 5636 possit.
1545 5555 1741 5620 obtinendae
1763 5560 1883 5620 verosi
1900 5574 2084 5636 opemcon·

2128 555 2181 608 An.
2195 553 2223 609 C.
2239 554 2313 609 1757

528 5654 668 5730 sequuti,
693 5653 779 5715 Petri
795 5652 939 5714 navicula
955 5652 1193 5730 pervehuntur.
1218 5651 1277 5728 lgi-
1334 5651 1421 5712 lerre
1437 5659 1522 5712 tuam
1539 5650 1652 5713 sedulo
1668 5653 1855 5722 constitues,
1876 5652 1980 5730 iisque
1995 5653 2084 5730 regia
2177 5677 2178 5682 ¹

528 5753 582 5807 tur
603 5747 657 5808 ubi
687 5745 910 5808 celsitudinem
940 5753 1027 5807 tuam
1057 5745 1159 5824 excipi
1186 5745 1218 5806 iu
1242 5762 1277 5806 ea
1304 5710 1307 5804 b
1334 5751 1490 5824 potestate
1512 5744 1599 5808 luitis
1621 5743 1759 5807 liberum
1783 5745 1881 5806 luerit
1902 5746 1934 5806 in
1957 5747 1988 5808 id
2011 5763 2084 5810 cou-

570 5963 599 6016 llt
616 5963 652 6004 lix
667 5963 728 6015 Bag,
746 5963 803 6004 h'ait.
