4814 6998
589 589 648 652 332
722 580 723 584 ¹

568 739 632 802 que
652 723 852 786 Guberninm
875 721 1061 800 advigilabit
1082 727 1114 784 et
1136 726 1320 798 opportuna

569 815 722 894 suscipiet
750 815 880 878 consilia
906 831 947 877 ne
972 813 1159 876 huiusmodi
1188 812 1262 876 libri
1288 812 1320 874 in

568 907 810 988 ilempublicam
832 909 1080 971 introducantur
1096 915 1128 968 ot
1143 905 1321 968 diffundan-

570 1009 633 1064 tur.

608 1095 681 1170 §ln
712 1093 857 1173 Episcopi
888 1109 927 1156 er
956 1094 1121 1173 pastoralis
1149 1093 1320 1155 ministerii

569 1189 672 1252 ollicio
688 1188 856 1260 curabunt,
877 1205 916 1250 ne
939 1189 1003 1251 ulla
1020 1188 1162 1251 tradatur
1178 1187 1321 1250 doctrina

568 1299 649 1360 quae
671 1282 844 1346 catholicae
867 1283 1016 1359 religioni
1047 1297 1243 1360 morumque
1267 1282 1321 1343 bo-

570 1377 684 1439 nestati
726 1376 766 1436 sit
801 1377 981 1450 contraria;
1015 1376 1162 1452 quocirca
1198 1375 1322 1438 nemini

569 1484 710 1546 unquam
733 1469 842 1532 licebit
863 1470 895 1531 in
917 1470 1024 1546 aliquo
1046 1468 1098 1532 vel
1120 1469 1246 1547 publico
1268 1469 1321 1531 vol

569 1562 693 1640 privato
713 1563 863 1626 instituto
885 1563 1001 1626 docere
1019 1563 1225 1641 theologiam,
1240 1571 1321 1625 cato-

568 1657 712 1727 cbesim,
737 1663 791 1718 aut
812 1655 995 1733 religiosam
1019 1657 1218 1729 doctrinam,
1240 1657 1320 1735 quin

569 1750 710 1827 primurn
742 1759 956 1828 opportunam
987 1750 1209 1812 anctoritatem
1242 1750 1321 1812 obti-

569 1844 701 1906 nuerint
721 1860 737 1904 a
759 1843 947 1906 dioecesano
969 1843 1132 1914 lintistite,
1156 1844 1212 1921 qui
1237 1859 1320 1906 eam·
1346 1883 1349 1902 .

568 1939 642 2001 dem
665 1936 848 2000 lacultatem
871 1937 990 2014 poterit
1017 1953 1182 2010 revocare,
1201 1954 1272 1999 cum
1289 1939 1320 2000 id

569 2037 786 2110 opportunum
819 2045 890 2092 esso
912 2031 1085 2093 censuerit.
1121 2031 1180 2092 Pro
1202 2032 1320 2093 erami-

569 2124 680 2187 nandis
721 2123 956 2201 prolessoribus
990 2126 1166 2201 primarum
1199 2125 1320 2187 scbola-

568 2233 658 2290 rum,
683 2218 890 2280 dioecesanus
913 2217 1053 2279 Antiates
1073 2233 1203 2296 semper
1219 2219 1321 2279 nomi-

568 2311 656 2375 nabit
685 2311 872 2389 deputatam
895 2310 932 2372 ad
955 2311 1247 2386 recognoscendum
1271 2327 1318 2374 re·

571 2405 717 2482 ligiosam
736 2406 912 2468 doctrinam
930 2410 962 2466 et
977 2405 1104 2465 morum
1128 2404 1218 2466 dotes
1234 2403 1320 2466 illius

570 2501 625 2578 qui
647 2497 786 2562 examini
808 2499 870 2560 erit
891 2497 1118 2570 subiiciendns,
1136 2499 1257 2574 quique
1279 2499 1320 2560 ic·

569 2593 653 2656 circo
681 2593 731 2654 sui
761 2591 855 2654 officii
888 2607 1004 2652 munus
1033 2591 1197 2669 suscipere
1228 2607 1319 2652 num-

568 2701 663 2764 quam
687 2686 815 2764 poterit,
833 2685 911 2762 quin
935 2685 1073 2764 primam
1093 2685 1214 2764 abipso
1236 2685 1321 2747 dioe-

569 2795 683 2842 cesano
706 2779 854 2842 antistite
876 2777 974 2840 luerit
996 2779 1199 2857 approbatus.

609 2874 627 2948 ἓ
648 2873 677 2935 5.
694 2873 774 2936 Cum
788 2869 949 2934 Romanus
965 2872 1110 2935 Pontifex
1125 2873 1196 2934 inre
1211 2873 1320 2936 divino

569 2967 742 3048 primatum
765 2966 896 3030 honoris
913 2973 945 3028 et
960 2966 1188 3028 iurisdictionis
1203 2969 1235 3028 in
1252 2967 1322 3028 uni·

567 3077 701 3146 versam
717 3076 778 3138 qua
793 3061 856 3123 late
872 3067 958 3140 patet
977 3061 1149 3123 Ecclesiam
1167 3061 1319 3134 obtineat,

570 3161 639 3218 tum
650 3155 807 3233 Episcopi,
822 3161 890 3216 tum
906 3155 1011 3216 clerus
1025 3161 1056 3216 et
1069 3154 1207 3232 populus
1219 3153 1321 3216 libere

569 3263 642 3311 curn
658 3247 837 3326 apostolica
853 3245 935 3310 Sede
951 3247 1244 3310 communicabunt.
1262 3247 1320 3308 lta-

568 3356 632 3418 quc
663 3341 751 3404 nulla
773 3341 875 3403 civilis
907 3341 1076 3403 auctoritas
1108 3341 1226 3418 poterit
1251 3357 1320 3402 um·

569 3449 664 3511 quam
686 3432 865 3496 ullomodo
889 3434 949 3496 boc
963 3433 1105 3496 liberum
1122 3432 1321 3512 plenumque

569 3534 839 3595 commemoratae
868 3527 1166 3590 communicationis
1200 3527 1322 3588 exerci-

570 3625 650 3686 tium
665 3621 822 3700 impedire
838 3619 983 3697 cogendo
996 3621 1179 3698 Episcopos,
1197 3619 1321 3682 clerum

569 3727 602 3781 et
633 3715 788 3796 populum
820 3715 867 3776 uti
897 3713 1051 3777 Gubernii
1085 3730 1199 3791 opera,
1228 3716 1323 3776 utin

569 3827 683 3875 eorum
707 3809 950 3887 necessitatibus
965 3807 1111 3872 Sanctam
1132 3807 1248 3870 Sedem
1270 3809 1323 3870 ad-

569 3913 653 3976 eant,
676 3911 730 3965 aut
751 3902 940 3964 subiiciendi
962 3901 1149 3980 apostolicas
1177 3902 1321 3964 eiusdem

569 3997 659 4060 Sedis
675 3997 797 4058 litteras
813 4001 845 4057 et
856 3997 1010 4074 rescripta
1025 3995 1179 4058 Gubernii
1196 3997 1320 4068 veniae,

569 4091 668 4170 vulgo
692 4089 892 4167 Eaequotur.

608 4183 677 4260 §it
701 4183 913 4246 Ecclesiastici
935 4183 1139 4261 Reipublicae
1164 4182 1323 4246 Ordinarii

571 4284 725 4356 poterunt
755 4277 848 4354 plena
876 4277 1024 4339 libertate
1056 4293 1127 4338 suas
1160 4277 1322 4339 dioeceses

570 4371 762 4450 gubernare,
787 4385 976 4443 convocare,
999 4371 1163 4433 celebrare
1183 4372 1322 4450 synodos

572 4473 639 4528 tum
652 4464 864 4544 provinciales
877 4471 944 4526 tum
961 4463 1173 4536 dioecesanas,
1188 4473 1220 4526 et
1232 4479 1323 4526 erer-

570 4575 644 4622 cere
666 4559 734 4620 iura
756 4573 837 4634 quae
849 4559 885 4620 ad
902 4558 987 4636 ipsos
1004 4559 1167 4635 pertinent
1188 4575 1228 4619 ex
1251 4574 1322 4637 pro-

570 4652 631 4730 prii
652 4653 731 4716 sacri
754 4651 912 4712 ministeri
934 4651 978 4721 vi,
1001 4657 1096 4727 atque
1122 4667 1161 4711 ex
1184 4651 1321 4728 vigenti-

571 4747 629 4808 bus
651 4745 809 4808 canonicis
831 4743 1047 4806 sanctionibus
1069 4761 1084 4804 a
1107 4742 1218 4806 Sancta
1238 4744 1322 4808 Sede

570 4840 721 4919 probatis,
744 4839 822 4916 quin
848 4837 975 4914 aliquod
1006 4851 1158 4914 umquam
1186 4855 1323 4917 oppona-

571 4944 622 4997 tur
643 4933 930 5012 impedimentum,
958 4932 1132 5009 quominus
1157 4941 1323 5010 susceptae

572 5028 610 5090 ab
630 5027 706 5104 ipsis
728 5025 945 5087 ordinationes
968 5025 1149 5087 executioni
1171 5025 1323 5086 manden-

571 5125 634 5183 tur.
664 5118 745 5193 Quin
775 5119 875 5181 immo
907 5119 1096 5195 nequatoris
1121 5117 1321 5180 Gubernium

569 5214 674 5276 valido
697 5229 755 5274 suo
778 5211 955 5290 patrocinio
969 5227 1100 5274 omnem
1124 5227 1217 5289 opem
1241 5211 1324 5273 ieret

572 5307 753 5386 Episcopis,
778 5321 909 5367 cumea
940 5305 977 5367 ab
1010 5304 1086 5382 ipsis
1119 5309 1321 5381 requiretur3

572 5419 606 5464 ac
630 5399 818 5478 praesertim
850 5415 922 5462 cum
945 5397 1044 5460 iidem
1075 5398 1242 5459 bominum
1265 5399 1323 5459 im·

571 5494 678 5572 pietati
695 5494 850 5555 obsistere
866 5492 1012 5563 debeant,
1027 5491 1081 5568 qui
1098 5491 1242 5554 fidelium
1259 5493 1324 5554 ani-

571 5603 640 5648 mos
673 5592 884 5665 pervertere,
908 5600 1088 5661 eorumque
1118 5601 1224 5648 mores
1254 5601 1321 5648 cor-

571 5696 724 5759 rumpere
747 5687 915 5744 conentur.

610 5775 629 5850 5
651 5773 679 5835 7.
705 5773 882 5836 abolentur
904 5775 1134 5852 appellationes
1156 5792 1172 5836 a
1194 5781 1322 5836 seuten-

572 5867 622 5929 tiis
654 5865 894 5931 Ordinariornm
924 5868 960 5930 ad
989 5867 1098 5930 laicam
1131 5875 1320 5946 potestatem

570 5961 684 6042 (vulgo
699 5975 844 6022 recursus
858 5961 895 6022 de
908 5961 1050 6041 saturo),
1065 5969 1107 6034 et,
1125 5962 1227 6038 quoad
1248 5977 1322 6024 exe-

1095 601 1286 648 sancturus
1308 601 1364 648 SEU
1386 601 1600 648 concubitura
1665 622 1667 630 ·

1377 719 1521 782 cotiones
1542 727 1574 782 et
1588 721 1762 784 sententias
1779 721 1817 784 ab
1838 719 2012 784 Ordinariis
2031 728 2064 784 et
2079 739 2127 785 ec·

1378 811 1561 876 clesiasticis
1583 813 1738 876 iudicibus
1755 814 1842 886 latas,
1866 815 1982 892 poterit
2005 821 2127 877 tantum

1377 905 1531 982 appellari
1553 907 1589 968 ad
1612 907 1778 984 superiora
1798 907 2006 970 ecclesiastica
2030 908 2129 970 tribu·

1378 997 1460 1061 nalia
1482 999 1533 1062 vel
1556 1001 1592 1061 ad
1616 998 1761 1063 Sanctam
1785 1000 1903 1063 Sodem
1929 1001 2016 1062 iuxta
2038 1001 2130 1064 disci·

1377 1091 1496 1170 plinam
1507 1101 1655 1156 statutam
1671 1094 1701 1155 in
1714 1094 1894 1173 apostolicis
1909 1093 2024 1156 litteris
2037 1093 2129 1157 Sum-

1378 1187 1422 1247 mi
1437 1187 1596 1266 Pontldcis
1612 1188 1759 1265 Gregorii
1777 1186 1856 1258 lilll,
1877 1202 1958 1264 quae
1974 1189 2131 1266 incipiunt

1376 1280 1602 1358 «Exposuit»,
1627 1289 1659 1344 et
1680 1282 1717 1344 ad
1740 1297 1888 1344 normam
1904 1283 2128 1346 canonicarum

1377 1374 1688 1452 praescriptionum,
1721 1383 1754 1438 et
1783 1371 1894 1438 earu'm
1928 1377 2129 1454 praesertim,

1377 1483 1458 1545 quae
1481 1483 1539 1545 pro
1561 1465 1661 1530 causis
1684 1469 1973 1532 matrimonialibus
1995 1488 2011 1532 a
2031 1469 2131 1532 Bone-

1376 1561 1460 1624 dicto
1482 1559 1551 1622 xlv
1574 1561 1676 1624 editae
1699 1561 1832 1626 luerunt
1846 1563 1879 1624 in
1894 1562 2131 1625 Constitutione

1376 1673 1393 1715 a
1411 1653 1465 1716 Dei
1483 1655 1687 1717 miseratione
1704 1673 1732 1726 s,
1754 1663 1808 1718 aut
1824 1664 1976 1734 poterunt
1991 1655 2027 1718 ad
2045 1656 2130 1733 ipsos

1376 1749 1560 1827 superiores
1596 1749 1716 1810 deterri
1755 1757 1824 1810 tum
1864 1749 2020 1811 nullitatis
2060 1757 2128 1811 tum

1376 1843 1533 1920 querelae
1553 1859 1655 1906 causa.
1679 1843 1891 1907 Ecclesiastici
1913 1844 2033 1906 iudices
2060 1859 2131 1922 pro·

1376 1936 1483 1999 lerant
1502 1952 1558 1997 sua
1580 1935 1705 2008 iudicia,
1727 1936 1805 2013 quin
1828 1935 1882 1998 illa
1907 1951 2061 2013 umquam
2084 1953 2131 1998 as-

1376 2045 1540 2092 sessorum
1564 2029 1718 2092 laicorum
1742 2031 1921 2092 sententiae
1943 2039 2034 2092 antea
2057 2031 2133 2093 sub-

1375 2123 1501 2196 iiciant3
1526 2138 1607 2200 quos
1636 2129 1742 2184 tamen
1766 2122 1934 2185 consulere
1958 2130 2130 2201 poterunt.

1376 2217 1430 2278 ubi
1453 2225 1672 2294 opportunum
1694 2232 1764 2278 osse
1786 2217 1949 2278 duxerint.
1976 2217 2131 2280 Ecclesia-

1376 2311 1444 2373 stici
1468 2311 1591 2386 patroni
1614 2316 1766 2388 poterunt
1789 2310 1967 2373 assessoris
1990 2311 2132 2374 officium

1375 2405 1408 2465 in
1424 2403 1481 2465 bac
1503 2401 1696 2465 iudiciorum
1719 2403 1818 2465 classe
1842 2419 2007 2466 exercere.

1415 2497 1434 2571 5
1448 2494 1477 2557 8.
1491 2493 1609 2558 Omnes
1622 2495 1852 2558 ecclesiasticae
1865 2511 1987 2568 causae,
1999 2503 2031 2559 et
2042 2513 2133 2575 prae-

1376 2589 1488 2651 sertim
1506 2589 1768 2660 matrimoniales,
1785 2595 1881 2666 atqne
1896 2589 1969 2652 illae
1984 2605 2066 2668 quae
2084 2607 2134 2653 re-

1377 2683 1516 2764 spiciunt
1538 2683 1646 2754 iidem,
1663 2693 1870 2756 sacramenta,
1894 2700 2011 2757 mores,
2028 2701 2134 2748 sacras

1377 2776 1571 2848 lunationes,
1590 2776 1689 2839 oldcia
1712 2783 1744 2838 et
1765 2793 1851 2839 sacra
1873 2777 1953 2850 iura,
1970 2785 2047 2852 tum¹
2060 2795 2134 2857 per-

1377 2887 1474 2933 sonae
1491 2878 1559 2932 tum
1577 2871 1731 2948 materiae
1750 2871 1885 2943 ratione,
1903 2873 2044 2950 exceptis
2068 2889 2135 2934 ma-

1376 2965 1498 3027 ioribus
1521 2965 1622 3028 causis
1639 2962 1773 3026 Summo
1796 2965 1940 3028 Pontifici
1960 2967 2135 3028 reservatis

1377 3075 1417 3122 ex
1441 3058 1526 3121 Sacri
1556 3058 1690 3121 Consilii
1721 3057 1899 3121 Tridentini
1927 3060 2134 3138 praescriptis

1377 3168 1455 3214 sess.
1479 3153 1518 3214 at
1539 3168 1604 3230 cap.
1627 3152 1656 3214 b.
1681 3153 1720 3214 de
1742 3152 1992 3226 Reformatione,
2016 3155 2052 3216 ad
2078 3156 2134 3216 tri-

1378 3246 1504 3308 bunalia
1527 3245 1739 3309 ecclesiastica
1764 3253 1859 3307 erunt
1874 3247 1968 3310 unice
1983 3247 2132 3311 deleren-

1378 3341 1445 3403 dae.
1479 3339 1566 3402 ldem
1601 3339 1663 3401 erit
1694 3339 1887 3402 servandum
1922 3340 1954 3401 in
1985 3339 2134 3403 civilibus

1377 3433 1479 3497 causis
1495 3432 1795 3506 ecclesiasticorum,
1820 3439 1914 3510 atque
1930 3433 1962 3494 in
1978 3433 2047 3496 aliis
2062 3451 2134 3497 cau-

1379 3528 1432 3598 sis,
1457 3541 1537 3604 quae
1559 3525 1673 3588 delicta
1696 3527 1874 3604 respiciunt
1899 3528 2134 3605 comprehensa

1378 3622 1411 3682 in
1434 3620 1560 3698 poenali
1590 3619 1794 3698 Reipublicae
1824 3621 1943 3684 codice.
1974 3620 2008 3682 ln
2031 3623 2133 3684 omni-

1378 3714 1437 3777 bus
1460 3713 1595 3786 indiciis,
1619 3729 1700 3790 quae
1722 3715 1758 3776 ad
1782 3715 2012 3778 ecclesiasticos
2037 3717 2135 3793 perti-

1379 3815 1457 3870 nent
1478 3808 1619 3878 iudices,
1649 3807 1751 3869 civilis
1774 3811 1978 3884 magistratus
2000 3825 2134 3870 omnem

1379 3917 1473 3980 opem
1496 3901 1718 3978 auxiliumque
1741 3900 1825 3964 leret
1846 3909 1881 3964 nt
1902 3903 2082 3964 sententiae
2100 3919 2134 3964 ac

1380 4011 1500 4074 poenae
1523 3995 1560 4056 ab
1583 3995 1658 4073 ipsis
1676 3994 1833 4057 iudicibus
1856 3995 1935 4057 latae
1958 3997 2133 4059 observen-

1379 4095 1431 4150 tur
1454 4095 1486 4150 et
1508 4087 1690 4150 executioni
1713 4088 1919 4149 mandentur.

1418 4184 1437 4257 ἓ
1458 4181 1488 4243 9.
1513 4179 1623 4244 Sancta
1657 4179 1756 4243 Sedes
1789 4181 1947 4258 permittit
1967 4189 2003 4244 ut
2025 4199 2133 4260 perso-

1379 4294 1437 4338 nae
1460 4283 1491 4337 et
1514 4275 1723 4337 ecclesiastica
1746 4275 1826 4336 bona
1842 4275 2052 4340 subiiciantur
2076 4294 2131 4356 pu-

1379 4369 1468 4432 blicis
1485 4367 1695 4445 vectigalibns
1710 4367 1811 4430 veluti
1831 4368 2046 4432 subiiciuntur
2062 4387 2133 4449 per-

1377 4480 1474 4526 sonae
1496 4471 1528 4524 et
1544 4463 1625 4524 bona
1640 4461 1777 4524 aliorum
1794 4463 1911 4526 civium
1929 4462 2131 4541 bequatoris

1379 4559 1420 4618 ita
1443 4565 1550 4618 tamen
1573 4563 1608 4616 ut
1630 4555 1732 4618 civilis
1747 4557 1917 4620 auctoritas
1936 4573 2009 4619 cum
2034 4558 2133 4622 ecclo-

1379 4651 1500 4714 siastica
1530 4650 1661 4712 consilia
1691 4650 1835 4713 conterat
1862 4653 1898 4713 ad
1926 4651 2132 4715 obtinendam

1379 4747 1518 4816 veniam,
1537 4745 1663 4822 quoties
1679 4746 1858 4808 necessaria
1872 4746 1913 4808 sit
1932 4735 2060 4808 (coactio.
2085 4747 2132 4808 lib

1380 4839 1565 4901 huiusmodi
1587 4839 1800 4916 vectigalibus
1826 4841 2015 4902 eximuntur
2037 4842 2131 4901 semi-

1379 4931 1476 5004 naria,
1494 4932 1575 4994 bona
1592 4939 1624 4994 et
1639 4948 1690 4995 res
1707 4932 1816 4994 divino
1832 4933 1932 4995 cultui
1947 4933 2131 4994 immediato

1379 5026 1554 5088 destinatae
1578 5034 1610 5088 et
1632 5025 1863 5088 banodcantiao
1885 5027 2040 5088 instituta.

1421 5122 1439 5195 ἓ
1463 5118 1510 5181 rb.
1534 5120 1575 5183 Ut
1598 5120 1777 5183 honoretur
1792 5121 1907 5182 domus
1929 5121 1996 5192 Dei,
2014 5121 2068 5197 qui
2083 5128 2132 5183 est

1379 5213 1446 5274 lter
1479 5229 1594 5290 regum
1623 5221 1655 5274 et
1685 5212 1840 5274 Dominus
1875 5214 2128 5287 dominantium,

1379 5322 1543 5368 sacrorum
1567 5307 1763 5384 templorum
1786 5307 1971 5369 immunitas
1992 5309 2130 5371 servabi-

1380 5407 1433 5462 tur
1454 5401 1486 5462 in
1502 5409 1657 5478 quantum
1672 5400 1703 5462 id
1721 5399 1846 5478 publica
1862 5403 2014 5464 securitas
2036 5409 2068 5464 et
2083 5421 2128 5477 ea,

1379 5509 1460 5570 quae
1482 5495 1600 5556 institia
1623 5495 1736 5571 exigit,
1760 5493 1830 5555 llari
1853 5495 1969 5568 sinant,
1989 5506 2083 5574 atque
2099 5497 2129 5559 in

1381 5588 1440 5650 boc
1463 5605 1534 5650 casu
1558 5587 1669 5650 Sancta
1689 5586 1786 5649 Sedes
1804 5589 1962 5650 consentit
1976 5596 2012 5650 ut
2026 5595 2130 5652 aucto-

1379 5681 1454 5742 ritas
1477 5681 1700 5752 ecclesiastica
1718 5679 1858 5758 parochi,
1877 5697 1934 5742 nec
1956 5698 2020 5743 non
2043 5698 2131 5761 prae·

1379 5774 1433 5836 lati
1447 5775 1619 5836 domorum
1636 5773 1848 5850 regularium,
1861 5773 1897 5834 ad
1914 5773 2067 5837 Gubernii
2079 5791 2130 5853 pe·

1379 5869 1523 5930 titionem
1549 5867 1690 5929 tribuant
1712 5867 1838 5928 veniam
1857 5873 1891 5928 ut
1909 5869 2127 5940 extrahantur,

1379 5963 1434 6039 qui
1456 5963 1493 6025 ad
1516 5971 1638 6026 sanctas
1660 5961 1754 6023 aedes
1771 5959 1987 6038 confugerint.
