4884 6994
1165 539 1263 590 tunsa
1286 541 1531 592 atsnaaerrctts
1743 523 1765 590 Ρ

590 521 650 592 tat
931 522 953 590 P

570 661 665 734 motis
687 669 741 724 aut
759 624 988 740 promovendis
1003 662 1040 725 ad
1056 661 1254 726 cathedrales
1270 679 1319 726 ec·
1374 659 1450 737 t89;
1481 661 1525 724 [te
1546 661 1724 740 spoliorum
1747 662 1871 726 iuribus
1892 661 1980 726 iuxta
2002 673 2062 726 etc.
2086 664 2123 728 ad

569 754 679 818 clesias
701 761 761 818 etc.
786 754 857 826 Vl*.
880 756 951 818 322.
1373 771 1399 816 s.
1432 753 1725 832 congregationem
1759 755 1919 818 devolutis
1951 755 2009 830 ΙΙΙ,
2043 757 2123 834 666,

608 845 898 912 Phontunnnnn
920 849 1022 911 Fllllil
1044 866 1070 911 s.
1088 850 1317 927 congregatio·
1374 846 1418 909 lle
1440 847 1588 909 laenitate
1611 849 1740 910 emendi
1763 849 1898 910 ducenta
1922 857 1953 912 et
1969 851 2124 928 quinqua·

569 943 618 1004 nis
649 944 770 1006 erectio
793 942 815 1014 Ι,
841 943 878 1018 1,
915 943 1059 1006 l'acultas
1092 944 1317 1008 subscribendi
1374 941 1460 1018 ginta
1489 941 1555 1003 loca
1583 941 1697 1004 llontis
1730 942 1901 1012 Annonae.
1932 960 1958 1004 s.
1982 943 2124 1022 congre·

567 1037 741 1116 scripturas
772 1037 825 1099 vel
858 1038 1004 1100 mandata
1026 1045 1086 1100 etc.
1111 1039 1146 1100 ad
1171 1038 1316 1100 eiusdem
1374 1035 1492 1110 gationi
1516 1049 1664 1096 concessa
1680 1034 1744 1107 Vll,
1766 1037 1813 1097 18.
1830 1067 1868 1082 --
1883 1036 2124 1103 confirmantur

568 1127 835 1208 Congregationis
857 1139 1038 1194 contractus
1059 1137 1119 1192 etc.
1144 1133 1318 1210 spectantia
1373 1141 1398 1184 s.
1430 1126 1698 1206 Congregationis
1731 1129 1948 1192 resolutiones
1981 1146 2122 1208 quorun-

567 1222 590 1296 Ι,
615 1224 650 1290 ll
672 1223 736 1304 (ill,
759 1221 839 1300 666,
863 1223 915 1295 ΙΙΙ,
938 1224 996 1287 titt
1027 1233 1059 1288 et
1081 1222 1164 1304 lcl);
1188 1225 1317 1287 Praece-
1373 1219 1445 1280 dam
1479 1220 1651 1282 dubiorum
1685 1223 1765 1284 circa
1798 1221 1850 1296 ΙΙΙ,
1877 1222 1959 1286 ΙΙΙΙΙΙ
1988 1231 2020 1286 et
2042 1223 2124 1286 ΙΙΙΙΙΙ

568 1323 657 1395 ptum
675 1317 861 1382 officialibus
876 1317 911 1380 ll.
926 1316 1041 1400 curiae
1058 1319 1156 1394 gratis
1174 1318 1316 1380 tradendi
1373 1315 1472 1391 capita
1502 1313 1545 1376 nc
1578 1313 1789 1394 negatoribus
1820 1315 1917 1379 (lonc.
1944 1316 2123 1380 Tridentini

567 1409 690 1474 litteras
712 1421 745 1475 et
765 1411 938 1490 scripturas
963 1410 1116 1474 ministris
1131 1429 1156 1472 s.
1174 1411 1316 1489 congre·
1373 1403 1395 1475 Ι,
1418 1403 1474 1474 60:
1506 1407 1586 1470 ltam
1618 1408 1797 1480 decretum,
1822 1423 1886 1486 quo
1908 1410 2058 1472 statuitur
2079 1410 2124 1474 le-

568 1502 704 1579 gationis
726 1501 749 1576 1.
775 1504 829 1580 ΙΙ,
852 1503 922 1568 Non
946 1503 1164 1582 extinguenda
1187 1521 1246 1568 nec
1268 1521 1317 1568 re·
1372 1508 1477 1560 ctores
1500 1505 1532 1562 et
1551 1502 1719 1564 studentes
1735 1502 1918 1580 linguarum
1936 1500 2011 1566 Ord.
2028 1503 2124 1566 Fran·

567 1596 715 1660 dimeuda
742 1597 814 1676 loca
847 1598 1001 1660 llontium
1036 1598 1242 1662 cameralium
1279 1601 1315 1662 ad
1372 1593 1534 1656 ciscalium
1558 1593 1625 1656 obs·
1650 1611 1714 1658 non
1739 1613 1810 1658 esse
1840 1607 2007 1676 exemptos
2030 1615 2045 1659 a
2069 1597 2123 1658 lli·

566 1688 729 1768 congreg.
754 1692 927 1770 spectantia
949 1691 973 1768 Ι,
998 1691 1055 1767 19,
1092 1692 1191 1755 luder
1215 1695 1315 1771 priva·

568 1784 652 1848 tivns
683 1785 721 1848 ab
749 1787 814 1864 ipsa
842 1787 1086 1850 constituendus
1118 1794 1178 1850 etc.
1211 1787 1233 1859 Ι,
1257 1786 1314 1862 86,

566 1878 738 1957 Privilegia
759 1881 998 1944 convictoribus
1021 1888 1054 1943 et
1074 1881 1213 1943 alumnis
1235 1881 1316 1944 cnu-

567 1988 658 2052 greg.
682 1974 785 2051 quoad
809 1975 958 2038 ordinum
981 1977 1218 2052 susceptionem
1242 1993 1316 2038 con·

566 2081 653 2132 cessa
675 2065 697 2140 Ι,
724 2067 795 2142 173,
819 2067 996 2130 Prohibitio
1019 2068 1177 2143 erigendi,
1195 2071 1315 2146 absque

567 2160 657 2224 Sedis
680 2165 738 2240 Ap.
771 2160 941 2233 facultate,
975 2177 1134 2239 nusquam
1168 2162 1313 2238 gentium

532 2265 536 2272 ·
566 2269 648 2318 nova
680 2256 746 2318 loca
778 2255 838 2317 sub
862 2255 955 2318 trtulo
977 2253 1015 2316 de
1035 2252 1255 2334 Propagandc
1277 2254 1313 2316 d.

565 2347 588 2420 Ι,
615 2347 692 2426 189,
721 2348 896 2412 Facultates
918 2365 943 2410 s.
968 2347 1219 2425 Congregationi
1242 2365 1315 2410 con·

565 2459 672 2508 cessae
702 2459 801 2522 anper
830 2444 988 2506 Avenion.
1016 2442 1160 2520 collegiis
1186 2441 1208 2516 Ι,
1235 2441 1312 2519 199,

564 2535 816 2600 Ravennatensis
837 2535 1210 2613 collegii'llaronitarum
1230 2537 1315 2616 regi-

565 2645 640 2696 men
668 2647 694 2694 s.
726 2630 977 2709 congregationi
1001 2631 1156 2693 tributum
1180 2630 1209 2702 Ι,
1233 2631 1313 2709 660,

564 2723 1311 2801 administraticcollegitS.tiuavictoriaetc.

563 2817 597 2878 in
612 2815 736 2882 Urbes.
751 2816 999 2905 congregationi
1018 2819 1188 2880 commissa
1199 2817 1221 2888 Ι,
1235 2817 1312 2895 287,

565 2909 727 2976 Subiectio
748 2911 864 2974 domus
893 2927 1044 2974 romanae
1074 2910 1129 2974 SS.
1155 2911 1260 2990 Sergii
1282 2921 1314 2975 et

563 3003 675 3066 Bacchi
689 3004 726 3066 ad
742 3004 909 3068 liutbeuos
926 3005 1119 3083 pertinentis
1132 3007 1313 3072 auctoritati

564 3114 589 3159 s.
606 3097 876 3176 congregationis
891 3097 913 3170 Ι,
931 3097 1008 3174 318,
1028 3097 1234 3162 interventus
1250 3108 1310 3164 etc.

563 3191 727 3254 secretarii
759 3208 785 3252 s.
808 3190 972 3270 congreg.
996 3193 1028 3254 in
1053 3193 1185 3270 agendis
1215 3195 1312 3256 rebus

563 3285 600 3347 ad
612 3284 839 3350 Germanicum
856 3295 888 3350 et
901 3285 1120 3363 ilungaricum
1136 3287 1312 3364 collegium

562 3379 781 3456 spectantibus
803 3379 825 3452 Ι,
848 3380 929 3455 326,
952 3379 1094 3442 Facultas
1117 3379 1238 3457 aliquas
1255 3397 1313 3459 pro

562 3472 700 3550 collegio
726 3471 854 3536 Urbano
883 3475 995 3536 domos
1024 3473 1210 3550 acquirendi
1239 3491 1313 3538 con·

1359 1687 1464 1748 ‘nistri
1487 1687 1648 1764 generalis
1673 1689 1877 1768 aliorumque
1909 1691 2122 1770 Superiorum

1372 1777 1592 1843 iurisdictione
1624 1782 1726 1858 quoad
1766 1784 1950 1860 regularem
1988 1787 2124 1864 discipli·

1372 1890 1443 1936 nam
1478 1883 1539 1936 etc.
1564 1875 1592 1947 Ι,
1619 1874 1694 1952 116,
1726 1877 1803 1938 ltem
1839 1879 2026 1950 decretum,
2058 1896 2123 1957 quo

1372 1968 1552 2045 disponitur
1583 1971 1659 2033 unio
1693 1971 1925 2033 monachorum
1960 1972 2124 2036 lintheno-

1371 2076 1444 2122 rum
1468 2061 1498 2122 in
1522 2062 1807 2140 congregationem
1830 2065 1854 2138 Ι,
1875 2062 1950 2139 136,
1974 2064 2052 2128 ltem
2069 2067 2123 2130 de·

1371 2161 1497 2218 cretum
1520 2155 1559 2216 dc
1581 2155 1725 2234 collegiis
1747 2156 1995 2220 carmelitarum
2018 2159 2124 2222 excal-

1370 2256 1449 2310 ceat.
1473 2249 1495 2319 Ι,
1523 2249 1600 2323 133,
1624 2250 1704 2312 ltem
1727 2251 1905 2324 decretum,
1930 2269 1995 2330 quo
2020 2255 2124 2316 decla·

1371 2349 1459 2403 ratur
1492 2343 1666 2420 collegium
1704 2343 1920 2408 Hibernorum
1958 2346 2056 2410 Lillae
2090 2349 2124 2412 in

1370 2437 1481 2514 Belgio
1513 2455 1576 2500 non
1610 2455 1680 2500 esse
1702 2455 1875 2506 commune
1899 2443 2048 2508 omnibus
2071 2443 2123 2506 lli-

1372 2531 1500 2594 berniae
1523 2533 1695 2610 provinciis
1717 2541 1778 2596 etc.
1796 2535 1817 2606 Ι,
1839 2533 1914 2609 166,
1935 2535 2014 2598 ltem
2032 2537 2125 2600 valor

1370 2626 1608 2688 constitutionis
1638 2627 1829 2706 apostolicae
1851 2629 1905 2704 oui
1928 2647 1953 2690 s.
1978 2629 2124 2708 congro·

1370 2721 1506 2796 gationis
1529 2719 1666 2782 decretis
1685 2721 1718 2782 in
1734 2721 1835 2783 lorma
1851 2722 2033 2787 authentica
2051 2724 2123 2786 latis

1369 2814 1454 2876 inest
1475 2815 1498 2885 Ι,
1515 2811 1596 2886 216,
1619 2814 1697 2876 item
1715 2815 1883 2880 decretum
1899 2832 1996 2894 super
2012 2817 2124 2882 litibus

1368 2909 1400 2970 in
1424 2908 1608 2972 Hollandiae
1631 2909 1755 2972 clerum
1779 2909 1976 2974 saecularem
1999 2917 2032 2972 et
2047 2913 2124 2974 mis-

1369 3003 1524 3064 sionatios
1547 3009 1607 3064 etc.
1633 3005 1654 3073 Ι,
1678 3001 1758 3078 397,
1782 3004 1860 3065 ltem
1877 3004 2045 3067 decretum
2063 3021 2124 3083 pro

1368 3096 1453 3158 bono
1486 3097 1647 3176 regimine
1679 3096 1836 3174 spirituali
1862 3098 2122 3164 christifidelium

1368 3189 1451 3252 [icae
1473 3197 1533 3251 etc.
1568 3191 1590 3260 Ι,
1613 3187 1693 3264 366,
1730 3191 1807 3252 item
1841 3192 2007 3256 decretum
2038 3193 2123 3256 circa

1368 3281 1482 3346 iratres
1499 3283 1656 3344 Eremitas
1679 3283 1847 3346 excalceat.
1866 3285 1920 3360 oui
1937 3301 1977 3347 ex
1993 3287 2121 3368 Europa

1369 3377 1632 3442 transmittuntur
1664 3377 1699 3439 ad
1734 3377 1853 3442 insulas
1875 3378 2071 3458 Philippinas
2096 3382 2120 3456 Ι,

1367 3471 1447 3546 381,
1471 3471 1549 3533 ltem
1573 3471 1740 3534 decretum
1763 3471 2122 3538 declaranssubiectio-

562 3582 649 3632 cessa
671 3584 696 3630 s.
714 3565 965 3646 congregationi
981 3565 1003 3639 Ι,
1020 3565 1097 3644 368,
1121 3567 1154 3630 S.
1171 3567 1313 3646 Congre·
1367 3581 1441 3626 nem
1465 3563 1674 3641 Regularium
1696 3581 1806 3626 curam
1829 3567 2008 3630 animarum
2026 3585 2121 3630 euer-

563 3661 681 3738 gationi
701 3661 885 3724 commissio
900 3661 1060 3724 bonorum
1078 3663 1242 3740 suppressi
1256 3661 1312 3726 lia-
1367 3659 1507 3720 centium
1532 3657 1780 3737 archiepiscopo
1807 3657 1987 3722 sardicensi
2010 3670 2069 3724 etc.
2097 3664 2120 3734 l,

561 3755 768 3818 rennatensis
789 3754 919 3832 collegii
941 3762 1002 3818 etc.
1027 3753 1049 3826 Ι,
1076 3751 1156 3830 366,
1193 3753 1311 3820 Urbani
1367 3751 1442 3829 3233
1466 3753 1543 3814 ltem
1568 3753 1695 3814 decreta
1717 3753 1798 3815 circa
1819 3755 1961 3817 studium
1977 3755 2121 3820 arabicae

561 3845 786 3926 Propagandae
807 3848 882 3914 ticet
903 3847 1032 3925 collegii
1048 3848 1242 3926 exemptioa
1262 3865 1313 3927 pa·
1367 3846 1496 3924 linguae
1518 3855 1550 3909 et
1571 3849 1867 3912 controversiarum
1887 3849 2069 3914 institutum
2087 3851 2121 3912 in

562 3941 661 4004 rocho
677 3941 709 4006 S.
727 3940 873 4006 Andreae
895 3943 935 4008 de
949 3942 1068 4004 Fractis
1080 3940 1116 4014 ΙΙ,
1132 3940 1211 4016 266,
1231 3941 1312 4006 con·
1367 3951 1529 4002 conventu
1553 3938 1584 4004 S.
1603 3940 1687 4002 Petri
1710 3941 1741 4004 in
1765 3941 1953 4004 llontaureo
1971 3943 2010 4006 de
2032 3943 2121 4006 Urbe

562 4035 742 4112 gregationi
764 4036 938 4114 exponitur
960 4035 1115 4114 pontificii
1137 4036 1234 4098 animi
1251 4037 1312 4100 dis·
1366 4033 1389 4104 Ι,
1413 4031 1493 4108 382,
1518 4034 1596 4096 ltern
1620 4035 1787 4099 decretum
1810 4037 1849 4098 de
1872 4037 2037 4100 nonnullis
2060 4039 2121 4102 tol-

561 4129 677 4206 positio
708 4129 791 4194 circa
820 4129 901 4192 bona
930 4127 1140 4192 ecclesiarum
1162 4147 1177 4190 a
1201 4129 1311 4192 l'urcis
1367 4125 1470 4190 lendis
1502 4128 1654 4192 abusibus
1687 4129 1977 4194 ecclesiasticorum
2009 4131 2040 4195 in
2069 4132 2120 4198 ln-

562 4229 670 4301 crepta
692 4229 725 4286 et
745 4223 927 4286 christianis
943 4223 1072 4286 vendita
1093 4229 1153 4286 etc.
1170 4221 1220 4294 ΙΙΙ,
1234 4223 1310 4300 683,
1366 4222 1425 4284 diis
1448 4229 1508 4285 etc.
1532 4224 1555 4295 Ι,
1580 4221 1658 4298 tom
1682 4223 1761 4286 ltem
1779 4225 1907 4288 decreta
1922 4226 2117 4290 declarantia

561 4313 829 4394 Congregationis
851 4316 1070 4380 resolutiones
1091 4332 1312 4395 supercorre·
1367 4317 1519 4392 quasdam
1555 4317 1721 4380 lacultates
1756 4319 1917 4396 religiosis
1952 4321 2115 4384 indiarum

561 4409 667 4472 ctione
699 4409 857 4474 librorum
891 4411 1051 4474 Ecclesiae
1083 4409 1254 4476 Orientalis
1281 4419 1313 4474 et
1368 4427 1432 4472 non
1454 4411 1629 4474 convenire
1653 4412 1675 4483 Ι,
1699 4411 1775 4486 613,
1799 4413 1877 4474 ltem
1901 4413 2028 4476 decreta
2046 4414 2119 4493 Epi-

560 4517 658 4582 super
680 4503 921 4566 abbreviatione
942 4501 1042 4567 Officii
1065 4511 1098 4568 et
1120 4505 1232 4568 llissae
1254 4521 1312 4583 pro
1366 4519 1479 4582 scopos
1503 4504 1570 4567 Vic.
1595 4504 1652 4583 hp.
1678 4513 1710 4567 et
1734 4505 1950 4570 missionarics
1965 4507 2117 4574 Sinarum

561 4595 724 4660 Basilianis
745 4595 795 4670 ΙΙΙ,
818 4596 896 4674 636,
924 4597 1123 4662 secretarius
1145 4599 1309 4676 congreg.
1355 4598 1569 4676 respicientia
1601 4600 1624 4670 l,
1658 4599 1738 4675 133,
1775 4600 1853 4662 ltcm
1887 4601 2053 4666 decretum
2077 4605 2118 4666 dc

561 4691 715 4756 edocetur
737 4691 776 4754 de
797 4691 899 4756 abusu
921 4691 1105 4754 celebrandi
1121 4699 1185 4754 tres
1202 4691 1311 4754 Missas
1367 4691 1527 4768 prohibita
1549 4691 1688 4766 Graecis,
1712 4694 1806 4756 etiam
1832 4693 2007 4773 Episcopis.
2031 4697 2118 4762 alee-

561 4783 593 4848 in
616 4783 734 4848 christi
757 4785 850 4849 natali
874 4785 925 4848 die
948 4783 986 4848 ab
1005 4785 1154 4848 Armenis
1177 4785 1311 4848 liburni
1367 4799 1575 4863 mosynarum
1605 4787 1760 4864 petitione
1783 4797 1842 4849 etc.
1867 4789 1902 4861 ΙΙ,
1930 4789 2006 4866 133,
2036 4791 2117 4854 ltem

560 4886 629 4942 acto
650 4877 706 4952 ΙΙΙ,
729 4877 806 4956 626,
830 4878 874 4942 [ie
896 4879 1161 4941 consistorialiter
1185 4896 1311 4958 promc—
1367 4878 1545 4952 decretum,
1559 4896 1622 4957 quo
1635 4881 1819 4944 metricanus
1829 4893 2009 4948 conventus
2021 4883 2117 4950 Frau-

560 4973 674 5038 vendis
696 4979 729 5036 et
749 4989 765 5036 a
786 4989 812 5034 s.
836 4972 1096 5052 Congregatione
1123 4973 1311 5052 deputandis
1366 4972 1528 5034 ciscalium
1552 4973 1733 5050 provinciae
1750 4973 1780 5036 S.
1799 4975 1835 5038 p,
1853 4974 1890 5038 de
1904 4973 2050 5040 Pacltacc
2065 4979 2117 5040 de·

560 5067 597 5130 ad
630 5065 861 5130 cathedralium
893 5067 1043 5144 regimen
1065 5074 1125 5130 etc.
1157 5067 1206 5140 ΙΙΙ,
1232 5065 1309 5146 670,
1332 5099 1334 5103 ν
1367 5073 1496 5144 putatur
1512 5081 1569 5144 pro
1585 5068 1759 5132 seminario
1776 5069 1965 5132 missionum
1978 5069 2010 5132 in
2028 5086 2117 5134 mon-

559 5159 604 5222 De
636 5160 696 5223 sub
731 5177 757 5222 s.
792 5159 1060 5238 Congregationis
1097 5163 1308 5240 patrocinium
1366 5159 1450 5220 tibus
1482 5158 1518 5220 de
1547 5157 1703 5239 cimdpan
1725 5162 1760 5232 ΙΙ,
1785 5161 1843 5224 lic
1869 5160 1921 5242 (Ι,
1945 5163 2040 5226 etiam
2063 5163 2115 5237 lv,

559 5263 690 5334 sumpto
711 5255 908 5318 monasterio
931 5254 962 5318 S.
987 5254 1114 5320 Mariae
1136 5253 1309 5318 Liberctri-
1365 5251 1435 5332 88);
1472 5253 1550 5316 ltem
1584 5253 1750 5318 decretum
1783 5269 1880 5334 super
1903 5255 2116 5320 tumulatione

559 5349 606 5411 cia
628 5366 643 5412 a
669 5348 848 5412 Patriarcha
882 5349 1040 5428 Syrorum
1070 5350 1224 5427 acquisito
1248 5361 1308 5415 etc.
1366 5349 1557 5410 cadaverum
1575 5347 2114 5428 missionariorumregulariumiu

561 5441 612 5516 lli,
630 5442 707 5518 317,
731 5442 775 5506 lie
800 5461 825 5506 s.
842 5443 1110 5522 congregationis
1132 5446 1309 5522 exemptio·
1366 5450 1446 5519 part.
1470 5440 1559 5503 inlid.
1584 5443 1621 5512 ΙΙ,
1645 5442 1721 5517 667,
1745 5443 1823 5506 item
1848 5445 2026 5516 decretum.
2051 5461 2115 5523 quo

559 5552 600 5600 ne
622 5537 661 5600 ab
683 5537 834 5601 omnibus
864 5539 972 5612 datiis,
999 5537 1150 5616 gahaitis,
1175 5537 1309 5616 aliisque
1365 5536 1517 5598 ecclesiae
1539 5535 1792 5614 capuccinorum
1814 5537 1944 5617 Smyrn.
1963 5540 2116 5604 tribuitur

559 5629 775 5694 solutionibus
797 5647 855 5710 pro
887 5632 1003 5695 litteris
1025 5638 1086 5696 etc.
1124 5633 1310 5696 confirmata
1337 5650 1340 5747 Ι
1364 5631 1414 5694 ius
1444 5631 1624 5708 parochiale
1647 5638 1707 5694 etc.
1731 5631 1767 5700 ΙΙ,
1792 5629 1868 5708 169,
1897 5633 1975 5696 ltem
2007 5633 2114 5698 decra-

559 5721 611 5795 ΙΙΙ,
635 5721 716 5798 688,
739 5724 783 5788 De
798 5726 1007 5804 subreptione
1022 5727 1170 5804 rescripti
1186 5742 1210 5786 s.
1228 5726 1310 5790 con·
1366 5731 1434 5788 tum
1458 5725 1497 5786 dc
1521 5732 1728 5802 procuratore
1744 5723 1871 5788 Matriti
1890 5727 2115 5790 constituendo

560 5819 757 5896 gregationis
789 5819 871 5880 circa
903 5820 1070 5896 pecuniam
1102 5835 1117 5881 a
1150 5819 1307 5899 Syrorum
1337 5778 1340 5885 Ι
1364 5819 1400 5880 ad
1425 5817 1647 5897 eleemosynas
1670 5818 1885 5882 sollicitandas
1907 5819 2113 5896 61611193,

559 5911 738 5976 Patriarcha
761 5912 801 5976 ll.
819 5909 934 5975 Giarva
949 5911 1041 5976 alteri
1057 5913 1160 5976 datam
1177 5921 1236 5976 etc.
1255 5913 1307 5986 lv,
1337 5897 1340 5978 Ι
1362 5911 1441 5974 ltem
1457 5911 1636 5984 decretum,
1651 5927 1715 5990 quo
1730 5915 1880 5976 statuitur
1893 5930 2114 5998 quoscumque
