4814 6998
1015 546 1162 592 PORHULA
1186 545 1408 592 enornsstoms
1430 547 1517 594 tibet

909 825 1073 906 formula
1101 823 1242 906 breuior
1272 825 1510 930 professionis
1538 825 1625 909 iidei

792 973 854 1052 pro
885 949 1080 1032 haereticis
1108 971 1173 1032 seu
1208 950 1455 1036 schismaticis
1488 953 1739 1037 orientalibus.

508 1293 511 1300 ,
528 1229 597 1307 Ego
619 1227 656 1290 N.
674 1227 711 1290 N.
736 1229 828 1290 ilrma
848 1229 910 1290 lide
926 1235 1020 1290 teneo
1036 1236 1067 1289 et
1083 1228 1236 1306 profiteor

488 1323 594 1386 omnia
624 1328 656 1386 et
683 1323 827 1400 singula,
860 1339 940 1400 quae
969 1323 1175 1383 eontinentur·
1203 1323 1236 1385 in

488 1416 635 1495 symbolo
663 1416 762 1489 Fidei,
786 1433 850 1494 uuo
880 1415 911 1478 S.
935 1416 1074 1478 Romana
1097 1416 1235 1478 Ecclesia

488 1509 601 1582 utitur,
625 1507 793 1572 videlieet:

527 1601 631 1666 Credo
652 1603 685 1665 in
707 1619 808 1666 unum
832 1607 933 1666 iteum
950 1604 1075 1666 Patrem
1093 1605 1236 1682 omnipo-

489 1703 627 1767 tentem,
651 1695 802 1759 iactorem
826 1697 905 1760 coeli
929 1704 961 1758 et
984 1704 1105 1768 terrae,
1130 1697 1237 1759 visibi-

488 1793 567 1855 lium
584 1793 728 1856 omnium
742 1799 773 1856 et
789 1793 1010 1856 invisibilium.
1033 1793 1072 1854 Et
1086 1794 1119 1856 in
1134 1811 1235 1856 unum

487 1887 660 1950 Dominum
676 1887 781 1950 lesum
793 1887 958 1950 Christum
971 1887 1086 1950 lilium
1099 1888 1156 1950 Dei
1168 1890 1237 1949 uni-

488 1985 647 2060 genitum,
671 1987 703 2044 et
724 1999 763 2044 ex
790 1983 881 2045 Patre
904 1990 1013 2046 natum
1036 1991 1108 2046 ante
1131 1985 1236 2045 omnia

486 2077 625 2152 saecula;
648 2077 750 2139 Deum
767 2078 806 2140 do
822 2076 897 2147 lieo,
916 2077 1026 2138 lumen
1047 2077 1235 2150 delumine,

489 2169 589 2231 ileum
612 2185 727 2232 rerum
751 2172 789 2232 de
804 2171 870 2233 Deo
885 2185 985 2246 rer03
1011 2171 1156 2248 genitum
1173 2187 1237 2234 non

487 2263 617 2336 lactum,
641 2264 943 2327 consubstantialem
961 2265 1054 2336 Patri,
1073 2280 1236 2342 perquem

490 2357 596 2418 omnia
619 2356 696 2419 iacta
718 2366 812 2420 sunt:
837 2359 890 2435 qni
915 2365 1047 2436 propter
1063 2375 1120 2420 nos
1137 2359 1238 2420 homi-

490 2466 557 2522 nes,
582 2457 614 2512 et
635 2458 767 2530 propter
789 2458 931 2514 nostram
954 2451 1089 2513 salutem
1107 2453 1237 2516 descen-

488 2545 534 2608 dit
556 2545 593 2606 de
616 2543 731 2618 coelis;
756 2553 787 2606 et
802 2546 982 2608 incarnatus
999 2552 1047 2607 est
1062 2547 1100 2608 de
1118 2545 1237 2624 Spiritu

488 2635 603 2700 Sancto
625 2653 664 2699 ex
688 2637 782 2699 Maria
805 2635 948 2716 Virgine,
967 2646 999 2702 et
1020 2640 1117 2701 homo
1140 2639 1238 2702 lactus

489 2739 548 2794 est.
572 2730 752 2794 Crucifixus
775 2732 870 2792 etiam
893 2747 951 2809 pro
974 2733 1064 2794 nobis
1084 2732 1144 2794 sub
1160 2733 1239 2794 Pon·

489 2823 533 2886 tio
554 2823 663 2896 Pilato,
688 2841 809 2902 passus,
834 2831 867 2886 et
887 2825 1031 2904 sepultus
1054 2833 1113 2889 est.
1136 2827 1175 2888 Et
1191 2843 1238 2888 re-

433 2967 436 2974 .
486 2922 630 2983 surrexit
652 2921 745 2983 tertia
768 2922 819 2983 die
840 2924 1018 2984 secundum
1037 2922 1235 3001 Scripturas:

488 3021 520 3077 et
542 3015 683 3078 aseendit
704 3015 737 3076 in
759 3015 898 3086 eoelum,
915 3017 1006 3078 sedet
1020 3017 1055 3079 ad
1073 3018 1237 3080 dexteram

489 3108 599 3170 Patris.
623 3107 663 3169 Et
683 3107 802 3170 iterum
824 3116 982 3171 venturus
1004 3119 1053 3173 est
1075 3127 1148 3172 cum
1172 3111 1239 3187 glo-

487 3202 533 3262 ria
555 3200 695 3263 iudicare
718 3200 809 3262 vivos
833 3207 864 3263 et
886 3211 1051 3275 mortuos,
1076 3204 1165 3266 cuius
1187 3221 1237 3266 re·

489 3295 556 3372 gni.
567 3309 630 3356 non
647 3293 709 3355 erit
724 3294 806 3357 linis.
821 3295 860 3356 Et
872 3295 904 3356 in
918 3294 1072 3373 Spiritum
1086 3297 1237 3360 Sanctum

489 3388 679 3460 bominum,
703 3394 735 3448 et
756 3388 984 3460 vivificantem,
1008 3391 1062 3466 qui
1085 3406 1124 3452 ex
1147 3391 1238 3454 Patre

490 3482 634 3560 Pilioque
656 3482 818 3560 procedit:
845 3483 899 3560 qui
921 3499 993 3544 cum
1017 3483 1118 3554 Patre,
1144 3491 1176 3546 et
1191 3485 1238 3545 Fi-

489 3576 532 3638 lio
554 3575 651 3638 simul
672 3576 832 3648 adoratur,
850 3581 882 3638 et
896 3577 1165 3654 conglorificatur,
1184 3579 1238 3656 qui

489 3671 615 3733 locutus
637 3677 686 3732 est
707 3686 764 3748 per
786 3669 971 3748 Prophetas.
989 3671 1028 3732 Et
1044 3687 1151 3744 unam,
1169 3688 1237 3734 san-

488 3772 583 3836 ctam,
593 3763 777 3826 catholicam
792 3765 1037 3841 et'apostolicam
1052 3765 1236 3828 Ecclesiam.
1249 3803 1254 3811 -

488 3857 653 3920 Contlteor
675 3873 775 3919 unum
792 3855 950 3936 Baptisma
965 3858 997 3921 iu
1013 3859 1238 3922 remissionem

490 3957 704 4030 peccatorum.
738 3951 777 4013 Et
806 3959 939 4030 expecto
965 3954 1238 4016 resurrectionem

489 4051 716 4118 mortuorum,
750 4052 782 4106 et
813 4044 909 4106 vitam
945 4047 1076 4107 venturi
1108 4049 1236 4110 saeculi.

489 4137 604 4200 limen.

530 4232 634 4294 Credo
656 4233 828 4294 Dominum
850 4233 1002 4294 Nostrum
1026 4232 1130 4295 lesum
1148 4235 1240 4297 Chri-

488 4335 575 4390 stum
597 4326 699 4388 lleum
723 4333 755 4388 et
777 4326 942 4388 homiuem
960 4345 1041 4400 esse,
1060 4329 1239 4406 perlectum

398 4455 404 4465 ·
488 4421 590 4483 Deum
614 4419 859 4498 perlectumque
882 4421 1070 4497 hominem;
1094 4422 1240 4486 divinita-

490 4521 553 4576 tem
577 4519 610 4576 et
631 4513 862 4577 burnanitatem
886 4515 1091 4578 ineffabilior.
1120 4516 1239 4579 incom-

490 4606 699 4686 prehensibili
731 4607 851 4670 unione
874 4607 905 4668 in
928 4624 990 4670 uua
1013 4625 1147 4688 persona
1169 4609 1238 4672 Filii

489 4700 556 4771 Dei,
579 4717 681 4764 unum
704 4701 794 4764 nobis
816 4701 920 4763 lesum
938 4700 1104 4764 Christum
1121 4705 1236 4765 consti-

489 4795 606 4868 tuisse,
630 4811 731 4874 eaque
754 4797 793 4859 de
815 4812 906 4857 causa
928 4795 1146 4859 beatissimam
1170 4795 1238 4858 Vir-

489 4889 598 4965 ginem
631 4889 835 4952 immaculate
859 4897 1043 4968 conceptam
1067 4905 1146 4952 vere
1169 4907 1239 4953 esse

492 4983 547 5044 liei
570 4982 776 5060 genitricem3
801 4984 876 5045 duas
892 4984 924 5044 in
940 4983 1009 5061 ipso
1024 4983 1152 5046 Christo
1170 5001 1239 5047 esse

490 5075 657 5137 inconiuse
680 5084 816 5149 naturas,
840 5077 982 5154 duasque
1005 5077 1163 5140 iraturales
1185 5093 1239 5139 vo-

489 5168 646 5241 luntates,
680 5175 712 5230 et
741 5171 819 5232 duas
841 5169 1000 5232 naturales
1024 5171 1236 5248 operationes.

529 5261 634 5324 Credo
656 5272 779 5340 septem
803 5279 873 5326 esse
895 5279 973 5326 vere
995 5271 1027 5326 et
1042 5267 1171 5343 proprie
1187 5264 1238 5328 Sa·

490 5363 652 5419 eramenta
673 5355 778 5418 Norae
800 5357 894 5435 Legis
916 5375 931 5418 a
953 5358 1081 5425 Christo
1104 5359 1239 5421 Domino

489 5449 606 5514 Nostro
628 5450 773 5512 instituta
788 5451 824 5512 ad
840 5451 976 5513 salutem
995 5453 1126 5514 humani
1143 5469 1238 5529 gene-

488 5545 544 5615 ris,
568 5543 716 5622 quamvis
739 5559 803 5606 uon
820 5545 926 5606 omnia
942 5545 1079 5622 singulis
1096 5563 1239 5608 necessa·

488 5638 554 5710 ria,
578 5637 748 5708 videlieet,
772 5637 991 5716 Baptismum,
1016 5637 1237 5702 Contirmatio-

488 5747 575 5804 nem,
593 5731 836 5802 Eucharistiam,
858 5731 1102 5803 Poeniteutiam,
1126 5731 1239 5795 Extre-

490 5841 573 5888 mam
596 5825 805 5899 linctionem,
834 5824 987 5889 Ordinem
1018 5833 1049 5888 et
1080 5827 1241 5889 htatrimo-

489 5921 591 5993 nium,
614 5919 732 5998 illaque
755 5921 898 5998 gratiam
911 5920 1071 5995 conterre,
1090 5927 1175 5983 etex
1192 5921 1240 5983 hts

1291 1229 1497 1307 Baptismum,
1522 1230 1807 1296 Confirmatiouem
1830 1239 1862 1295 et
1889 1231 2041 1295 Ordinem

1290 1324 1612 1402 mmmmmm.

1330 1416 1434 1480 Credo
1456 1419 1487 1479 in
1517 1435 1630 1497 azymo
1652 1419 1721 1481 sive
1743 1419 1937 1484 termentato
1960 1436 2040 1499 pane

1292 1511 1417 1574 triticeo
1446 1527 1561 1590 corpus
1584 1512 1699 1574 Christi
1731 1515 1889 1576 veraciter
1916 1514 2040 1586 confici,

1291 1623 1324 1668 ac
1346 1605 1405 1666 sub
1428 1605 1526 1668 altera
1550 1613 1671 1668 tantum
1693 1609 1798 1685 speeie
1821 1614 1925 1670 totum
1947 1615 2042 1684 atoue

1292 1699 1456 1775 integrum
1479 1699 1643 1762 Christum
1666 1701 1762 1762 sumi.

1331 1794 1435 1856 Credo
1459 1793 1653 1856 matrimonii
1676 1794 1841 1856 vincutum
1872 1795 2042 1857 indissolu-

1292 1887 1355 1950 bile
1378 1904 1459 1959 esse,
1478 1897 1510 1950 et
1524 1889 1669 1966 quamvis
1687 1895 1818 1966 propter
1833 1888 2041 1960 adulterium,

1292 1982 1468 2054 baeresim,
1501 1991 1554 2046 aut
1582 1981 1656 2044 alias
1688 1999 1793 2044 causas
1827 1983 1927 2060 possit
1959 1983 2043 2045 inter

1291 2075 1445 2152 coniuges
1469 2076 1553 2138 thori
1576 2083 1606 2138 et
1628 2076 1870 2138 cohabitationis
1886 2077 2042 2156 separatio

1292 2170 1373 2242 fleri,
1398 2187 1462 2231 non
1485 2175 1591 2232 tamon
1613 2169 1676 2231 iliis
1699 2169 1783 2232 aliud
1801 2170 2041 2232 matrimonium

1291 2263 1483 2324 contrahere
1506 2262 1549 2324 ias
1574 2278 1653 2325 esse.

1332 2357 1447 2430 Credo,
1471 2357 1497 2418 si
1520 2371 1597 2418 vere
1628 2358 1831 2434 poenitentes
1858 2357 1890 2419 iu
1913 2357 1968 2420 liei
1997 2375 2044 2419 ca·

1292 2453 1385 2514 ritate
1407 2451 1616 2522 decesserint,
1640 2457 1811 2528 antequam
1834 2451 1939 2528 dignis
1970 2467 2043 2529 poe-

1293 2545 1445 2608 nitentiae
1477 2543 1634 2606 tractibus
1663 2545 1702 2606 de
1724 2545 1902 2606 commissis
1925 2544 2044 2608 satisfe-

1292 2639 1395 2700 cerint
1426 2646 1458 2701 et
1481 2637 1617 2709 omissis,
1642 2653 1756 2699 eorum
1789 2639 1909 2698 animas
1933 2639 2043 2716 poenis

1294 2731 1472 2808 Purgatorii
1496 2737 1566 2808 post
1588 2739 1726 2793 mortem
1751 2731 1893 2808 purgari,
1912 2739 1953 2804 et,
1972 2739 2044 2793 uta

1294 2825 1402 2903 poenis
1436 2825 1621 2888 huiusmodi
1655 2825 1857 2897 releventur,
1893 2826 2044 2902 prodesse

1293 2921 1338 2981 eis
1362 2919 1504 2982 bdelium
1528 2919 1678 2980 vivorum
1698 2919 1858 2995 suffragia,
1877 2917 2042 2981 blissarum

1292 3013 1413 3076 seilicet
1442 3013 1603 3085 sacrificia,
1628 3013 1788 3074 orationes
1811 3019 1845 3074 et
1866 3012 2044 3090 eleemosy-

1293 3123 1347 3168 nas
1380 3113 1412 3168 et
1432 3106 1490 3168 alia
1513 3105 1638 3183 pietatis
1661 3105 1772 3176 officia,
1796 3121 1915 3182 quasa
1943 3106 2043 3168 tideli-

1293 3201 1351 3262 bus
1374 3215 1431 3278 pro
1454 3199 1521 3260 aliis
1537 3198 1686 3261 fidelibus
1702 3199 1772 3260 tleri
1790 3207 2042 3270 consueverunt,

1292 3294 1469 3356 secundum
1487 3291 1644 3354 Ecclesiae
1659 3291 1822 3367 instituta;
1846 3291 2044 3369 illorumque

1292 3388 1412 3450 animas
1443 3387 1498 3463 qui
1531 3392 1602 3463 post
1634 3385 1830 3464 baptismum
1861 3394 2042 3464 susceptum

1293 3481 1413 3543 nullam
1436 3481 1568 3542 omnino
1590 3480 1708 3558 peccati
1729 3480 1883 3542 maculam
1900 3481 2044 3542 incurre-

1294 3583 1381 3648 runt,
1416 3575 1484 3637 illas
1516 3575 1611 3636 etiam
1637 3589 1729 3650 quac,
1759 3581 1829 3651 post
1850 3583 2042 3638 contractam

1294 3669 1411 3748 peccati
1435 3668 1603 3739 maculam,
1627 3667 1679 3729 vel
1707 3668 1739 3728 in
1761 3669 1826 3728 suis
1856 3667 2044 3745 corporibus

1293 3763 1345 3825 vel
1369 3763 1490 3826 eisdem
1514 3769 1628 3823 exutae
1649 3768 1724 3823 sunt
1746 3768 1908 3839 purgatae,
1926 3763 1958 3823 in
1974 3779 2043 3824 coe-

1293 3858 1362 3919 lum
1396 3871 1470 3916 mox
1503 3855 1613 3932 recipi,
1639 3864 1670 3918 et
1692 3855 1812 3916 intueri
1834 3855 1919 3917 clare
1940 3855 2041 3918 Deum

1296 3953 1415 4013 trinum
1438 3956 1470 4010 et
1491 3965 1605 4020 unum,
1629 3949 1720 4010 sicuti
1743 3954 1801 4020 est,
1826 3965 1883 4028 pro
1911 3949 2039 4012 merito·

1294 4059 1366 4106 rum
1398 4053 1503 4106 tamen
1535 4043 1730 4114 diversitate,
1761 4041 1858 4104 alium
1890 4042 1951 4104 alio
1974 4058 2041 4120 per-

1294 4139 1428 4214 iectius3
1465 4137 1596 4200 illorum
1629 4143 1735 4198 autem
1768 4138 1902 4208 animas,
1933 4138 2043 4214 quiin

1294 4231 1406 4295 actuali
1430 4230 1556 4293 mortali
1580 4237 1708 4308 peccato
1730 4229 1783 4291 vel
1805 4229 1873 4292 solo
1896 4230 2042 4306 originali

1295 4325 1466 4396 decedunt,
1492 4339 1566 4386 mox
1589 4323 1621 4385 in
1643 4322 1807 4384 internum
1834 4323 2041 4396 descendere,

1296 4419 1406 4496 poeuis
1430 4427 1535 4480 temen
1558 4416 1737 4494 disparibus
1760 4415 1947 4493 puniendas.

1334 4511 1438 4573 Credo
1461 4510 1492 4572 S.
1517 4508 1732 4588 Apostolicam
1750 4507 1865 4579 Sedent
1883 4517 1914 4570 et
1932 4509 2044 4572 itoma-

1295 4620 1372 4666 num
1395 4603 1581 4665 Pontificem
1604 4603 1636 4664 iu
1659 4603 1850 4664 universum
1870 4602 1982 4664 orbem
1999 4610 2043 4664 te-

1295 4716 1373 4762 nere
1396 4699 1581 4776 primatum,
1605 4704 1637 4759 et
1651 4697 1754 4776 ipsum
1773 4697 1958 4760 Pontificem
1976 4713 2044 4759 suc-

1294 4810 1455 4858 cessorem
1479 4811 1548 4856 esse
1571 4793 1604 4854 B.
1629 4793 1713 4855 Petri
1736 4792 1890 4870 Principis
1912 4791 2044 4871 Aposto-

1294 4887 1412 4960 lorum,
1431 4894 1464 4950 et
1478 4903 1593 4948 rerum
1609 4885 1728 4949 Christi
1743 4886 1917 4958 vicarium,
1936 4887 2043 4948 totius-

1294 4997 1358 5059 que
1380 4981 1539 5043 Ecclesiae
1561 4987 1664 5059 eaput,
1682 4987 1713 5042 et
1733 4981 1877 5042 omnium
1894 4979 2044 5042 Christia-

1294 5091 1410 5137 norum
1435 5075 1559 5135 Patrem
1581 5081 1613 5136 et
1635 5074 1804 5136 doctorem
1828 5074 1989 5144 existere,
2013 5081 2044 5135 et

1294 5169 1353 5248 ipsi
1375 5169 1409 5230 in
1431 5167 1465 5228 lt.
1489 5167 1584 5228 Petro
1601 5168 1759 5244 pascendi,
1778 5167 1924 5243 regendi,
1942 5173 2042 5243 etgu·

1294 5262 1450 5326 bernandi
1465 5259 1682 5323 universalem
1695 5260 1867 5322 Ecclesiam
1880 5276 1896 5320 a
1909 5261 2043 5322 llomino

1295 5355 1411 5419 Nostro
1441 5355 1511 5418 lesu
1544 5353 1672 5416 Christo
1704 5354 1828 5432 plenam
1852 5361 2042 5432 potestatem

1295 5452 1441 5513 traditam
1465 5467 1547 5512 esse,

1334 5544 1448 5607 Cetera
1470 5544 1547 5605 item
1571 5543 1678 5605 omnia
1700 5558 1716 5602 a
1738 5557 1780 5602 ss.
1806 5541 1988 5604 Canonibus
2013 5549 2045 5604 et

1294 5638 1514 5702 Oecumenicis
1537 5636 1696 5707 Consiliis,
1710 5651 1745 5697 ac
1762 5636 1931 5713 praecipue
1947 5635 2043 5716 ahlo—

1296 5732 1438 5804 rentina,
1467 5731 1652 5794 tridentina
1681 5739 1712 5792 et
1738 5728 1883 5790 Vaticana
1913 5728 2043 5808 Synodo

1297 5827 1419 5898 tradita,
1433 5826 1560 5888 definita
1574 5841 1608 5886 ac
1620 5824 1788 5896 declarata,
1802 5824 1990 5900 praesertim
2003 5825 2043 5886 de

1295 5920 1428 5983 Romani
1461 5919 1621 5983 Pontificis
1651 5918 1787 5996 primatu
1820 5923 1852 5978 et
1883 5916 2042 5982 intellibiii
