4814 6992
877 585 1088 634 innocuurtus
1110 588 1160 634 ΡΡ.
1186 591 1229 637 xt.

278 713 338 775 lato
360 711 460 774 tratre
490 711 586 773 Paulo
614 709 780 773 Francisco
813 708 1024 784 eiusdemque

278 805 381 876 sociis
413 806 531 867 iterum
560 804 746 880 iterumque
772 803 925 864 maiestati
953 807 1025 862 tuae

279 899 551 968 commendandis,
575 896 823 959 abstineremus.

317 993 385 1068 §a
411 991 589 1054 Validiores
617 1005 695 1052 vero
722 990 805 1058 binc,
835 989 870 1050 ad
894 989 1023 1050 eosdem

279 1086 429 1164 peculiari
454 1085 652 1146 humanitate
675 1083 849 1152 fovendos,
877 1081 1025 1145 stimulos

280 1188 310 1241 te
331 1186 538 1257 sumpturum
562 1176 707 1255 prolecto
740 1191 803 1240 non
832 1176 1024 1246 dubitantes,

279 1273 346 1340 tibi.
371 1271 557 1334 charissime
585 1270 617 1332 in
647 1269 775 1332 cbristo
799 1270 841 1332 illi
866 1276 987 1338 noster,
1011 1287 1026 1329 a

279 1367 438 1428 bonorum
455 1365 599 1427 omnium
617 1371 757 1434 auctore,
774 1363 850 1432 Deo,
875 1379 1027 1441 prospera

277 1467 390 1522 cuncta
412 1475 451 1521 ex
470 1459 577 1520 animo
600 1473 779 1537 precamur,
796 1464 891 1534 atque
905 1463 1027 1536 aposto-

279 1552 369 1614 licam
393 1553 649 1616 benedictionem
672 1551 889 1614 amantissime
911 1551 1028 1629 imper-

278 1647 389 1709 timur.

320 1741 430 1802 Datum
448 1740 578 1810 Romae,
592 1739 673 1817 apud
692 1737 723 1801 S.
741 1738 884 1810 Petrum,
901 1738 960 1800 sub
975 1751 1028 1800 an-

279 1835 357 1896 nulo
379 1833 561 1904 Piscatoris,
592 1832 643 1894 die
667 1848 713 1892 ιιι.
740 1832 801 1894 ian.
826 1847 1026 1902 uncturum,

279 1927 482 2003 pontificatus
506 1925 606 1986 nostri
629 1941 713 1986 anno
736 1941 756 1984 ι.

536 2125 774 2136 ..—..—-—--

631 2299 680 2362 lll.

278 2489 512 2554 Gratissimum
528 2487 680 2550 accidisse
695 2486 882 2566 iutellipere,
905 2486 1030 2566 Episco-

321 2601 394 2665 pitm
424 2581 696 2663 Heliopolitcmtm
719 2598 739 2643 u
764 2579 887 2649 Coreto,
917 2580 1031 2661 Hispa-

323 2678 453 2740 m'arum
473 2691 556 2754 repe,
581 2674 795 2737 liumaoitatis
816 2673 924 2753 officiis
945 2692 1031 2736 erece-

321 2777 421 2852 ptum,
445 2773 584 2832 testatur
606 2767 768 2846 Pontifici.

301 2955 488 3022 clarissimo
509 2953 537 3018 in
554 2951 674 3019 cbristo
690 2952 754 3019 litio
771 2957 877 3022 nostro
892 2946 1010 3032 ¹Garulc,
1054 3013 1057 3018 .

418 3046 627 3130 Hispaniarum
650 3047 714 3128 regi
737 3046 898 3125 catholico,

450 3230 706 3299 innocentius
731 3233 792 3298 ΡΡ.
817 3233 863 3300 lli.

364 3423 548 3490 charissime
572 3423 600 3488 ιιι
623 3421 744 3488 cbristo
766 3421 810 3488 iili
834 3427 952 3500 noster,

324 3521 506 3585 salutemet
535 3521 637 3600 apost.
667 3517 907 3582 benedictionem
935 3517 992 3600 (l).

326 3707 524 3770 Venerabilis
540 3707 638 3769 irater
652 3707 848 3778 Franciscus,
863 3707 1035 3786 Episcopus

281 3801 549 3878 Heliopolitanus,
572 3817 657 3862 unus
679 3817 718 3864 ex
741 3800 867 3862 vicariis
889 3801 1035 3879 apostoli-

281 3897 329 3958 cis
351 3895 569 3974 procurandae
591 3895 771 3956 animarum
803 3894 896 3956 saluti
919 3894 956 3956 ab
979 3895 1036 3958 bac

282 3988 318 4052 S.
342 3988 424 4050 Sede
446 3987 479 4049 in
502 4003 604 4064 regno
621 3986 768 4050 Sinarum
787 3987 967 4065 deputatus,
992 3989 1036 4050 di-

281 4092 371 4145 scrte
401 4083 532 4143 Romam
563 4095 716 4143 reversos
748 4081 839 4142 nobis
869 4083 1034 4160 exposuit,

283 4176 439 4253 quibusa
468 4175 631 4236 maiestate
661 4181 713 4235 tna
737 4173 941 4236 humanitatis
970 4175 1036 4237 odi-

285 4271 343 4331 ciis
359 4275 511 4346 exceptus
533 4285 568 4330 ac
583 4267 747 4330 beneflciis
768 4269 899 4330 allectus
927 4268 1034 4330 luerit.

285 4362 427 4424 ltlnneris
460 4377 530 4424 esse
562 4361 663 4423 nostri
693 4361 863 4433 duximus,
896 4363 932 4423 ad
956 4377 1036 4438 quos

284 4455 455 4535 praecipuo
468 4463 613 4533 spectant
628 4456 733 4518 omnia
747 4455 948 4532 evangelicos
964 4473 1037 4534 ope·

286 4550 386 4610 rarios
410 4548 582 4625 tangentia,
607 4548 695 4610 bisce
724 4547 780 4610 tibi
808 4549 917 4633 testari
940 4550 1037 4626 longe

286 4643 503 4720 gratissimum
521 4642 670 4704 accidisse
686 4642 779 4704 nobis
792 4642 820 4704 id
838 4643 1034 4720 intelligere,

288 4743 482 4812 nostraeque
512 4751 589 4812 erga
620 4743 651 4797 te
681 4735 801 4798 caritati
833 4753 897 4798 non
930 4737 1035 4799 levem

290 4847 327 4892 ea
348 4831 387 4892 de
408 4845 500 4892 causa
516 4830 684 4892 cumulum
700 4830 878 4892 accessisse.
902 4830 969 4892 Etsi
984 4847 1037 4892 au-

289 4931 353 4986 tem
380 4940 445 4986 non
477 4923 671 4995 dubitamus,
699 4925 788 5000 quin,
817 4939 873 5002 pro
895 4927 1037 5003 ingenita

289 5018 345 5080 tibi
367 5017 484 5080 eximia
506 5017 634 5094 pietate,
659 5017 760 5088 nouis,
777 5018 831 5080 ubi
849 5033 926 5080 usus
942 5033 1037 5081 rene-

288 5112 341 5182 rit,
365 5111 473 5188 regiae
496 5110 702 5187 benignitatis
725 5110 927 5172 documentis
950 5127 1037 5188 prae·

289 5205 407 5267 dictum
432 5203 649 5266 venerabilem
666 5201 798 5266 tratrem
813 5219 870 5282 per
886 5211 917 5266 te
932 5221 966 5266 ac
982 5221 1038 5282 per

289 5299 492 5360 administros
509 5305 580 5360 tuos
599 5297 720 5375 ubique
734 5299 777 5358 sis
793 5307 1034 5376 prosecuturus,

289 5393 325 5454 ad
341 5393 371 5456 id
389 5393 598 5454 nibilominus
616 5391 810 5453 maiestatem
829 5399 914 5454 tuam
927 5394 958 5454 in
977 5393 1023 5470 pri

291 5487 349 5548 mis
359 5487 536 5558 bortamur,
547 5485 600 5562 qut
615 5493 699 5547 tuam
714 5501 958 5563 regnorumque
970 5493 1038 5548 tuo-

291 5595 360 5640 rum
375 5579 571 5651 felicitatem,
585 5594 657 5641 cum
676 5579 873 5641 orthodoxae
885 5579 957 5640 lidei
974 5595 1038 5641 am-

292 5673 482 5750 plitlcatione
504 5671 717 5742 coniunctam,
735 5687 932 5751 magnopere
951 5673 1037 5735 cordi

293 5765 456 5828 babemus.
490 5765 513 5826 Α
545 5765 702 5827 bonorum
732 5765 862 5828 interim
892 5767 1037 5828 omnium

1082 716 1222 782 auctore,
1235 709 1312 781 Deo,
1327 712 1404 774 lianc
1417 713 1484 784 tibi,
1499 711 1685 774 charissime
1698 711 1730 772 in
1741 709 1832 774 Chri-

1082 810 1131 864 sto
1153 804 1197 864 flli
1221 811 1342 876 noster,
1367 806 1461 868 enine
1484 821 1665 884 precamur,
1689 811 1784 883 atque
1803 822 1833 866 a·

1083 897 1268 974 postolicam
1285 898 1541 961 benedictionem
1558 914 1737 978 propensae
1756 913 1832 976 erga

1084 997 1114 1052 te
1136 991 1309 1053 voluntatis
1333 997 1460 1054 nostrae
1483 999 1596 1055 testem
1616 991 1833 1054 amantissime

1084 1083 1300 1160 impertimur.

1125 1175 1236 1238 batum
1262 1177 1389 1248 Romae,
1417 1180 1498 1256 apud
1526 1178 1557 1242 S.
1590 1178 1717 1240 llariam
1741 1177 1833 1240 Maio-

1085 1285 1165 1340 rem,
1189 1271 1250 1332 sub
1272 1271 1391 1334 annulo
1413 1271 1537 1344 Piscat,
1562 1272 1613 1335 die
1629 1289 1671 1333 ιν.
1693 1278 1833 1348 septem-

1085 1363 1148 1424 bris
1164 1381 1366 1437 nncuxxvn.,
1381 1366 1582 1444 pontificatus
1598 1366 1698 1428 nostri
1715 1381 1799 1426 anno
1811 1381 1831 1424 ι.
1923 1375 1926 1386 ·

1332 1527 1503 1534 ψ--.

1432 1647 1483 1710 tv.

1086 1833 1260 1915 Respondet
1270 1833 1488 1915 Metropolitae
1496 1835 1640 1898 litttlteuo
1650 1835 1748 1896 totius
1757 1833 1835 1895 llus·

1124 1928 1192 1990 siae
1216 1926 1277 1992 sibi
1304 1929 1479 2002 aupriaoti
1506 1928 1644 1991 reditum
1667 1927 1708 1990 ad
1733 1925 1834 1988 Eccle-

1124 2021 1207 2083 aiom
1229 2019 1419 2084 catholicum
1452 2021 1599 2102 Episcopi
1628 2020 1836 2101 Leopotieaais

1039 2123 1042 2132 '
1125 2113 1264 2177 eiusdem
1285 2117 1387 2184 ritus,
1411 2131 1542 2193 eumque
1571 2115 1685 2178 laudat
1711 2112 1746 2176 ob
1768 2130 1836 2194 ope-

1125 2225 1198 2272 rem
1219 2209 1255 2270 im
1277 2225 1314 2271 ec
1335 2225 1370 2270 re
1391 2209 1567 2288 impensam
1588 2208 1644 2288 (i).

1109 2389 1280 2457 Venerabili
1303 2391 1391 2456 tratri
1415 2383 1561 2473 cypriani
1579 2389 1816 2473 trotteptscopo

1206 2486 1300 2552 totius
1328 2484 1458 2552 ttussiae
1482 2490 1513 2551 et
1536 2483 1714 2560 Polocensi,

1256 2668 1512 2738 tttttocfitttttts
1534 2671 1596 2737 ΡΡ.
1621 2670 1666 2736 tlt.

1302 2856 1491 2926 venerabilis
1514 2859 1621 2932 irater,

1122 2952 1250 3018 salutem
1273 2957 1304 3017 et
1326 2951 1524 3035 apostoticam
1551 2950 1802 3018 benedictionem.

1129 3140 1284 3205 Peculiari
1299 3157 1371 3203 cum
1389 3141 1527 3204 laetitiae
1549 3157 1645 3204 sensu
1669 3143 1708 3204 de
1724 3145 1837 3204 emissa

1090 3253 1191 3300 aven.
1209 3236 1299 3298 lratri
1315 3234 1449 3312 losepbo
1466 3235 1620 3314 Episcopo
1636 3235 1837 3313 Leopuliensi

1089 3331 1261 3394 oatbolicae
1284 3329 1358 3390 lldei
1375 3327 1573 3406 professione
1589 3329 1744 3391 certiores
1768 3328 1836 3391 iacti

1090 3440 1213 3487 sumus.
1237 3422 1318 3485 Cum
1342 3423 1428 3484 enim
1452 3423 1649 3486 orthodoxae
1672 3423 1839 3500 religionis

1091 3517 1275 3596 propagatio
1287 3523 1436 3604 votorum
1450 3524 1634 3578 nostrorum
1648 3517 1837 3587 summisit,

1091 3612 1252 3690 praecipui
1264 3611 1369 3688 gaudii
1386 3610 1551 3673 materiam
1565 3611 1682 3672 merito
1697 3611 1840 3688 cepimus

1092 3724 1109 3770 e
1132 3723 1178 3776 re,
1200 3721 1294 3783 quam
1311 3705 1344 3766 ιιι
1362 3705 1545 3768 huiusmodi
1561 3720 1692 3783 scopum
1716 3704 1841 3767 conter-

1092 3817 1127 3862 re
1142 3799 1314 3862 admodum
1331 3814 1423 3877 posse
1438 3798 1669 3860 existimamus.
1693 3797 1770 3872 Quia
1787 3814 1841 3860 ve-

1093 3911 1128 3956 ro
1151 3899 1348 3972 perspectam
1367 3892 1521 3954 babemus
1538 3907 1679 3971 operam,
1697 3906 1791 3969 quam
1809 3891 1840 3953 in

1093 3989 1203 4052 eadem
1235 4003 1270 4048 re
1291 3987 1510 4064 promovenda
1539 3985 1652 4048 sedulo
1684 3986 1842 4064 impendit

1093 4081 1275 4144 lraternitas
1291 4087 1354 4150 tus,
1372 4079 1527 4142 eximium
1545 4079 1652 4141 zelum
1671 4087 1759 4141 tuum
1779 4096 1842 4141 ma·

1094 4191 1237 4253 gnopere
1252 4173 1527 4244 commendamus,
1547 4179 1763 4250 testatumque
1786 4173 1841 4235 tibi

1093 4267 1356 4338 essevolumus,
1387 4265 1523 4336 caritati,
1555 4281 1615 4344 qua
1644 4273 1674 4328 te
1696 4267 1758 4328 iam
1781 4269 1842 4344 pri-

1093 4350 1166 4425 dem
1190 4360 1483 4440 prosequebamur,
1512 4376 1576 4422 non
1606 4360 1712 4422 levem
1740 4379 1775 4422 ea
1803 4362 1842 4424 de

1093 4473 1185 4520 causa
1200 4455 1367 4518 cumulum
1384 4455 1564 4536 accessisse.
1583 4453 1720 4518 Huiusce
1735 4463 1841 4518 autem

1095 4549 1320 4628 propensionis
1342 4555 1471 4610 nostrae
1498 4550 1700 4626 praestantia,
1725 4549 1778 4611 ubi
1802 4547 1843 4612 la-

1094 4644 1193 4706 cultas
1215 4643 1328 4714 aderit,
1353 4659 1368 4704 a
1391 4642 1559 4704 nobisnon
1582 4642 1777 4706 desiderabis
1796 4661 1843 4704 ar-

1095 4744 1258 4815 gumenta.
1282 4736 1453 4814 Reliquum
1477 4737 1606 4801 interim
1631 4746 1689 4808 est,
1713 4747 1750 4800 ut
1771 4753 1844 4800 con-

1094 4839 1214 4894 stanter
1236 4847 1271 4892 ac
1291 4830 1437 4892 alacriter
1465 4846 1579 4908 pergas
1601 4833 1632 4894 in
1658 4831 1782 4893 istituto
1805 4831 1844 4892 de

1094 4924 1234 4988 Ecclesia
1249 4922 1400 4985 catbolica
1417 4923 1498 4985 bene
1514 4925 1672 4995 merendi,
1693 4925 1770 4987 dum
1786 4941 1844 4986 nos

1095 5020 1130 5082 ad
1154 5018 1183 5080 ld
1208 5015 1418 5095 patrocinium
1442 5033 1544 5094 usque
1566 5028 1714 5080 nostrum
1733 5018 1844 5080 irater·

1095 5113 1185 5174 nitati
1208 5117 1280 5174 tuae
1302 5109 1504 5188 pollicemur,
1530 5117 1625 5188 atque
1640 5112 1843 5190 apostolicam

1096 5205 1365 5273 benedictionem,
1390 5204 1570 5281 pontificiae
1586 5221 1661 5282 erga
1679 5213 1709 5268 te
1732 5207 1844 5267 volun·

1097 5299 1168 5360 tatis
1190 5305 1318 5360 nostrae
1341 5298 1467 5375 pignus,
1494 5307 1698 5375 peramanter
1728 5301 1845 5376 imper-

1096 5392 1205 5452 timur.

1136 5484 1248 5546 [latum
1271 5483 1400 5556 Romae,
1424 5485 1505 5562 apud
1529 5485 1560 5547 S.
1596 5485 1722 5548 llariam
1754 5485 1845 5548 llaio-

1096 5595 1177 5650 rem,
1208 5579 1267 5640 sub
1290 5579 1409 5641 arrnulo
1438 5579 1622 5651 Piscatoris,
1650 5580 1701 5641 die
1725 5596 1768 5640 ιιι.
1797 5598 1845 5642 se·

1097 5672 1253 5750 ptembris
1282 5687 1485 5744 uncturum„
1516 5673 1717 5750 pontificatus
1747 5675 1844 5734 nostri

1096 5783 1179 5828 anno
1201 5784 1222 5827 1.

334 5979 363 6032 (lt
380 5982 499 6023 Retatlon
515 5981 708 6028 meritissimus,
726 5983 784 6034 ete,
800 5989 856 6035 pap.
873 5982 920 6024 am.
937 6005 960 6013 -
977 5983 1006 6036 (i)
1023 5983 1058 6025 Ex
1074 5985 1102 6024 v.
1118 5985 1184 6028 Mon.
1200 5981 1253 6026 Pol.
1268 5989 1332 6038 aug.
1348 5981 1437 6026 Thein.

1774 573 1812 635 63
1870 573 1921 631 An.
1935 572 1963 630 G.
1978 573 2044 630 1677
