4836 7002
971 540 1042 585 PIUS
1065 541 1115 584 PP.
1140 541 1181 585 Vl.

301 657 512 720 Patriarcbam
539 659 774 720 Antiochenum
802 659 959 738 Syrorum
986 660 1049 722 eic-

301 757 379 822 ctus‚
402 752 441 813 ab
464 751 521 812 bac
542 753 619 814 bora
642 751 674 812 in
697 759 787 814 antea
810 753 912 814 fldeiis
928 761 960 814 et
975 753 1049 816 obe-

301 845 391 906 diens
413 861 471 907 oro
493 845 585 908 beato
607 846 713 918 Petro,
742 845 941 924 Sanctaeqne
968 847 1050 922 apo-

300 939 430 1000 stolicae
458 939 617 1002 Romanae
649 939 819 1014 Ecclesiae,
854 948 886 1002 et
918 941 1050 1004 domino

302 1039 413 1094 nostro
435 1033 566 1094 domino
588 1033 642 1094 Pio
664 1033 763 1111 Papae
786 1033 902 1106 Sexto,
918 1035 1050 1111 suisque

301 1125 539 1188 successoribus
568 1127 718 1188 canonice
741 1128 954 1202 intrantibus,
985 1145 1049 1190 non

302 1234 358 1280 ero
380 1220 412 1280 in
435 1219 580 1290 consilio,
607 1226 661 1282 aut
688 1236 847 1282 consensu
876 1221 928 1284 vei
956 1221 1048 1294 iacto,

1105 657 1309 737 praepeditus
1331 657 1424 720 iuero
1439 658 1587 720 canonica
1603 656 1853 737 praepeditione,

1105 753 1332 830 Apostolorum
1356 751 1466 814 iimina
1488 750 1624 828 singulis
1782 750 1856 810 visi·

1105 847 1178 908 tabo
1193 853 1247 909 aut
1262 862 1320 924 per
1335 862 1398 916 me,
1415 854 1469 907 aut
1484 861 1540 923 per
1557 861 1665 906 meum
1682 843 1853 914 Nuncium,

1106 941 1166 1000 nisi
1189 939 1358 1018 apostolica
1381 939 1527 1001 absolvar
1556 938 1694 1000 licentia.
1732 937 1857 998 Posses·

1105 1029 1211 1095 si'ones
1234 1047 1313 1095 vero
1332 1033 1368 1094 ad
1386 1048 1528 1094 mensam
1547 1031 1610 1092 mei
1627 1031 1857 1109 patriarchatus

1106 1126 1306 1204 pertinentes
1328 1143 1392 1189 non
1415 1127 1563 1196 vendam,
1589 1141 1694 1202 neque
1720 1124 1854 1194 donabo,

1106 1237 1212 1300 neque
1235 1220 1472 1300 impignorabo,
1505 1235 1610 1298 neone
1637 1220 1676 1282 de
1703 1234 1787 1280 novo
1810 1218 1855 1280 in-

302 1319 336 1374 ut
358 1313 454 1373 vitam
480 1313 615 1390 perdant
636 1320 690 1374 aot
713 1314 909 1386 membrum,
932 1331 1051 1377 seuca-
1076 1296 1079 1382 i
1106 1314 1255 1385 ieudabo,
1279 1314 1330 1376 vei
1357 1313 1465 1392 aliquo
1495 1314 1590 1375 modo
1620 1312 1776 1384 alienabo,
1810 1313 1855 1373 in-

302 1407 427 1484 piantur
460 1407 541 1468 mala
567 1407 722 1484 captione.
752 1406 929 1470 Consilium
959 1425 1049 1482 roro,

302 1500 386 1576 qnod
421 1499 499 1560 mibi
528 1501 682 1564 credituri
711 1507 801 1573 sunt,
832 1517 890 1580 per
919 1519 963 1574 se,
998 1512 1051 1565 aut

301 1593 452 1666 Nuncios,
476 1611 532 1656 seu
550 1595 684 1666 litteras,
701 1597 736 1657 ad
754 1612 866 1658 eornm
884 1597 1049 1666 damnum.

302 1703 353 1748 me
374 1689 507 1758 sciente,
524 1689 647 1750 nemini
664 1690 809 1767 pandam.
827 1690 976 1768 Papatnm
993 1689 1051 1751 Ro-

302 1797 444 1853 manum,
468 1789 501 1844 et
524 1782 649 1860 Regalis
671 1783 775 1845 Sancti
799 1783 894 1855 Petri,
927 1784 1051 1844 adiutor

302 1875 347 1937 eis
370 1891 426 1938 oro
449 1877 485 1938 ad
514 1877 721 1939 retinendum
751 1883 784 1938 et
812 1875 1051 1939 defendendum

301 1977 410 2032 contra
443 1985 573 2032 omnem
604 1971 782 2033 bominem.
811 1971 945 2049 Legatos
970 1971 1052 2050 Apo-

301 2063 430 2126 stolioae
447 2063 536 2126 Sedis
553 2065 585 2126 in
600 2065 708 2126 eundo
723 2072 754 2126 et
770 2065 936 2127 redeundo
954 2067 1052 2127 bono-

302 2159 390 2221 ritice
405 2158 554 2230 tractabo,
570 2167 602 2220 et
617 2160 648 2219 in
665 2160 730 2220 suis
746 2159 989 2223 necessitatibus
1001 2159 1053 2220 ad·

302 2252 428 2316 iuvabo.
446 2251 583 2317 Vocatus
603 2255 638 2316 ad
656 2251 821 2331 Synodum
838 2254 977 2324 veniam,
992 2255 1053 2316 nisi

1107 1408 1253 1471 consulto
1275 1408 1417 1470 Romano
1440 1409 1610 1482 Pontifice3
1643 1414 1675 1469 et
1703 1407 1856 1469 constitu-

1107 1505 1226 1566 tionem
1247 1517 1345 1580 super·
1360 1501 1575 1580 prohibitione
1591 1502 1854 1564 investiturarum

1108 1597 1266 1658 bonorum
1297 1595 1607 1667 iurisdictiooaiium,
1638 1595 1674 1656 ad
1708 1594 1856 1656 ecclesias

1107 1691 1277 1752 inferiores
1306 1690 1530 1768 spectantium,
1561 1689 1600 1750 de
1625 1705 1708 1750 anno
1730 1687 1855 1750 Domini

1108 1785 1280 1848 millesimo
1315 1785 1549 1848 sescentesimo
1581 1783 1856 1861 vigesimoouinto

1107 1881 1236 1950 editam,
1254 1879 1400 1942 servabo.
1426 1878 1476 1941 Sic
1498 1894 1550 1940 me
1570 1879 1652 1939 Deus
1667 1878 1807 1948 adiuret,
1825 1885 1857 1938 et

1108 1975 1184 2036 baec
1206 1981 1309 2036 sancta
1326 1974 1380 2036 Dei
1405 1972 1569 2050 evangelia
1584 1991 1613 2032 1.

1148 2068 1260 2130 Datum
1289 2067 1418 2136 Romae,
1447 2067 1527 2144 apud
1552 2064 1583 2128 S.
1608 2067 1751 2136 Petrum,
1773 2082 1856 2127 anno

1106 2160 1260 2222 incarnat.
1292 2159 1474 2222 Dominicae
1503 2176 1738 2230 succurritur..
1764 2176 1854 2221 urin.

1107 2255 1170 2316 kal.
1194 2255 1340 2326 ianuarii,
1365 2255 1564 2332 pontificatus
1587 2255 1685 2316 nostri
1708 2271 1792 2316 anno
1811 2271 1854 2316 11.

1776 521 1836 583 uiti
1892 517 1943 578 nn
1956 517 1986 577 (ἰ
2000 517 2069 577 1785
