4836 7002
318 561 496 624 mstfflss

332 1933 410 1979 Ratio
430 1936 458 1980 et
477 1939 513 1996 te-

297 1998 347 2086 gost
370 1997 512 2034 concessio·

316 2979 495 3022 Prooemium.

550 565 611 634 218

881 711 931 774 lll.

532 889 673 974 Abnegat
693 895 916 960 innovationes
929 899 1081 964 inductos
1096 917 1116 963 n
1133 899 1279 962 Patriac-

570 984 631 1049 cbo
653 987 822 1051 labiorum
848 991 1132 1056 constitutionibus
1155 991 1281 1056 Paelic-

569 1094 642 1140 ram
659 1077 815 1145 Caritatis
826 1081 858 1144 S.
875 1083 1029 1148 Vincentii
1045 1085 1194 1158 oPoalo,·
1207 1085 1281 1148 illos

571 1177 699 1235 tantam
720 1175 850 1256 repalos
870 1176 1034 1242 absentari
1048 1177 1145 1248 iabet,
1167 1195 1281 1258 quaec

569 1264 746 1346 (andatore
766 1269 937 1334 institutae
957 1271 1094 1352 famant
1115 1271 1170 1352 (l).

738 1451 825 1519 ntus
854 1453 1072 1522 [Pisaurus

718 1617 828 1670 sertus
850 1619 1007 1670 sessorum
1030 1603 1094 1681 liei,

670 1735 1139 1806 mmmmmmm

570 1927 589 2002 ᾖ
619 1927 646 1988 l.
677 1925 761 2001 Quae
791 1928 882 1992 nobis
912 1929 1092 2006 gravissimi
1124 1929 1280 1992 momenti

530 2020 670 2083 rationes
691 2022 797 2099 paucis
819 2022 933 2085 abhinc
963 2023 1127 2085 mensibus
1151 2025 1281 2085 nniver-

529 2128 596 2174 sam
612 2113 794 2192 puellarum
809 2117 993 2178 societatem
1010 2117 1043 2178 in
1058 2116 1279 2196 Hispaniarum

570 2365 601 2420 ll)
617 2364 801 2411 innovationes
811 2376 877 2422 quas
886 2365 1007 2422 abrogat,
1016 2377 1085 2411 anno
1097 2366 1226 2412 anteriori
1238 2377 1280 2422 ap·

528 2431 686 2488 probaverat
707 2431 827 2488 sequenti
848 2433 1040 2478 constitutione
1064 2433 1187 2478 laudibus
1208 2433 1280 2478 redo·

528 2498 600 2544 lente
614 2509 662 2556 pro
677 2499 846 2545 vincentiana
861 2500 1012 2557 puellarum
1027 2500 1135 2546 familia.

776 2635 845 2678 PIUS
863 2635 1030 2679 EPISGOPUS

737 2745 837 2786 Servus
849 2745 997 2787 Servorum
1011 2745 1068 2792 Det,

679 2839 716 2881 aa
726 2839 891 2890 emessam
904 2840 945 2880 ret
958 2841 1126 2882 memoriam.

568 2976 581 3020 a
597 2973 614 3015 l.
632 2969 828 3016 Misericordiae
840 2971 961 3018 ¹studium
972 2971 1054 3017 divini
1064 2972 1149 3030 patris
1158 2972 1279 3018 coelestis

528 3037 648 3094 exemplo
666 3035 895 3094 sanctissimisque
915 3039 1060 3085 salvatoris
1075 3039 1160 3085 nostri
1177 3049 1279 3096 praece-

528 3105 582 3162 ptis
596 3107 735 3162 tantopere
749 3107 965 3152 commendatum
981 3118 1055 3152 veros
1066 3107 1198 3152 acclesiae
1210 3107 1278 3152 illios

528 3181 559 3214 eo
577 3170 694 3216 incendit
718 3171 779 3228 igne
800 3171 938 3228 caritatis,
962 3175 992 3220 ut
1014 3174 1131 3220 animam
1155 3174 1278 3220 lubenter

528 3241 655 3294 ponentes
673 3249 721 3295 pro
740 3239 869 3285 tratribus
888 3239 952 3296 suis,
972 3241 1161 3298 cupientesque
1180 3251 1227 3298 pro
1245 3241 1278 3286 ils

529 3303 646 3362 impendi
660 3317 691 3352 ac
700 3307 907 3363 superimpendi,
922 3307 1114 3364 plenitudinem
1125 3309 1201 3362 legis,
1212 3320 1278 3365 quae

530 3370 557 3414 in
572 3371 713 3417 dilectione
727 3375 776 3428 est,
791 3374 871 3430 probe
885 3374 1000 3420 assecuti
1014 3374 1212 3430 dignoscantur.
1228 3375 1279 3420 lloc

529 3437 678 3484 dilectionis
688 3439 786 3497 spiritu
796 3443 951 3486 renovatam
961 3441 1174 3498 contemplamur
1185 3441 1278 3486 iaciem

529 3508 627 3562 terrae,
641 3518 693 3564 quo
708 3507 835 3553 nimirum
850 3519 909 3554 eam
920 3509 1053 3554 humanae
1065 3507 1232 3554 infirmitatis
1243 3509 1280 3554 in·

529 3575 572 3617 ter
586 3574 666 3619 unius
680 3575 797 3630 corporis
812 3576 932 3621 membra
946 3576 1157 3622 communionem
1178 3589 1208 3621 ex
1226 3589 1280 3622 coe·

528 3640 590 3685 lasti
605 3641 801 3698 dispensatione
818 3643 1018 3698 nanciscuntur,
1039 3645 1069 3687 ut
1089 3643 1148 3688 ideo
1166 3643 1279 3690 diversis

528 3707 649 3754 homines
666 3709 814 3756 conflictari
833 3711 964 3756 molestiis
986 3710 1091 3757 infinita
1110 3711 1154 3756 Dei
1175 3711 1279 3757 iustitia

528 3775 691 3832 permiserit,
706 3779 737 3822 ut
750 3781 777 3823 et
792 3777 904 3824 miseros
918 3789 967 3834 pro
981 3779 1113 3835 patientia
1132 3783 1159 3824 et
1179 3779 1281 3826 miseri-

528 3843 618 3888 cordes
633 3847 773 3891 ooronaret
787 3857 835 3902 pro
849 3844 1040 3891 benevolentia.
1060 3847 1205 3892 Dilectione
1222 3847 1279 3903 hac,

528 3921 596 3967 quae
610 3911 688 3956 sortis
703 3915 732 3957 ut
752 3915 887 3967 moreest,
903 3912 1075 3958 exardescens
1095 3918 1203 3958 sanctus
1221 3915 1279 3959 vin·

527 3977 631 4023 centius
641 3989 657 4023 a
666 3978 756 4032 Paulo,
766 3977 937 4035 indutusque,
948 3979 1016 4024 sicut
1027 3979 1105 4025 electi
1114 3979 1167 4034 Dei,
1179 3980 1280 4026 viscera

528 4043 734 4101 misericordiae,
749 4055 841 4090 curam
860 4056 1082 4091 aerumnosarum
1102 4047 1230 4104 ninnium,
1249 4059 1280 4093 ac

528 4110 668 4168 praecipue
686 4111 894 4168 aegrotantium,
909 4113 1025 4170 suscepit
1046 4113 1280 4169 impensissimam,

528 4185 625 4233 eosque
639 4186 778 4233 personam
795 4187 875 4233 agere
891 4177 990 4222 Christi
1004 4177 1183 4234 considerans,
1199 4178 1278 4224 omni-

529 4242 577 4288 bus
598 4241 690 4288 officiis
703 4243 851 4300 complecti,
866 4244 951 4289 modis
972 4245 1095 4290 omnibus
1110 4246 1171 4291 illos
1187 4246 1278 4292 iuvare

528 4309 665 4366 proprium
681 4309 732 4354 sibi
747 4321 844 4355 munus
858 4311 983 4356 adscivit:
998 4311 1062 4368 quin
1072 4313 1163 4369 etiam,
1173 4323 1233 4358 cum
1246 4314 1279 4358 vi·

528 4377 603 4422 deret
618 4389 664 4422 neo
677 4377 711 4424 ad
726 4387 817 4422 omnes
832 4375 930 4434 ubique
944 4379 971 4424 in
987 4379 1160 4426 tribulatione
1170 4381 1278 4438 positos,

529 4456 577 4490 nec
597 4445 670 4490 ultra
689 4444 861 4502 praefinitum
881 4445 932 4491 sibi
952 4447 1023 4492 vitae
1042 4459 1150 4492 cursum
1170 4459 1276 4506 operam

529 4511 699 4568 studiumque
714 4523 793 4556 suum
808 4524 883 4568 posse
898 4513 1064 4570 protendere,
1079 4518 1183 4560 coetum
1204 4515 1278 4561 insti·

529 4577 583 4623 tuit
597 4578 758 4635 puellarum,
769 4590 835 4636 quas
844 4592 860 4626 a
869 4581 983 4628 caritate
993 4582 1147 4639 nominavit,
1158 4595 1277 4640 quaeque

528 4646 646 4692 levantes
667 4657 694 4692 se
713 4657 794 4704 supra
815 4659 851 4702 se,
873 4652 901 4692 et
921 4661 998 4694 sexus
1020 4650 1230 4696 imbecillitatem
1249 4651 1274 4695 in

527 4713 678 4771 prodigium
689 4713 812 4760 caritatis
827 4717 853 4759 et
863 4714 1028 4762 fortitudinis
1042 4722 1233 4774 convertentes,
1243 4720 1275 4765 ad

527 4781 671 4832 iuvandos,
693 4781 800 4827 alendos
824 4784 1065 4840 sustentandosque
1088 4785 1208 4831 homines
1229 4797 1276 4842 ope

527 4851 635 4906 egentes
655 4860 683 4893 se
702 4861 730 4894 se
749 4849 861 4895 mirifice
882 4849 1046 4896 devoverent.
1070 4851 1216 4898 collaetata
1236 4857 1276 4899 est

527 4917 644 4962 Ecclesia
665 4915 749 4962 tantis
770 4917 855 4964 ditata
874 4917 1027 4975 triumphis,
1050 4922 1141 4976 totque
1162 4921 1275 4976 inclytas

530 4984 598 5030 illias
619 4985 776 5042 gratulatur
797 4985 858 5031 sion
879 4989 937 5042 post
957 4987 1042 5032 sancti
1063 4989 1146 5043 patris
1166 4986 1277 5044 vestigia

527 5063 635 5098 currere
656 5052 726 5098 viam
741 5052 872 5108 caritatis,
893 5065 1035 5110 perennent
1051 5067 1081 5099 ex
1098 5055 1154 5100 suis
1174 5055 1277 5102 virtuti·

527 5117 576 5164 hus
590 5119 667 5175 quael
681 5119 879 5164 cinnamomum
894 5121 1074 5168 aromatizans
1089 5122 1177 5168 odoris
1192 5123 1276 5168 suavi·

527 5189 610 5232 tatem
626 5185 800 5244 undequaque
814 5186 962 5234 efferentes.
977 5191 1029 5234 Hoc
1049 5189 1126 5246 plane
1146 5192 1218 5236 novit
1238 5202 1276 5236 ca·

527 5251 651 5298 sissimus
665 5252 692 5296 in
709 5253 815 5298 christo
834 5253 906 5298 illins
927 5259 1016 5300 noster
1035 5255 1217 5302 herdinandus
1237 5257 1274 5301 lli-

527 5321 682 5378 spanlarum
697 5331 744 5366 rex
758 5321 915 5376 catholicus,
929 5324 955 5367 et
970 5333 1018 5379 pro
1032 5334 1071 5376 ea,
1081 5334 1134 5379 qua
1148 5327 1275 5380 praestat,

526 5389 656 5445 religione
675 5399 705 5434 ac
720 5388 852 5446 singulari
868 5389 894 5434 in
909 5389 1023 5436 salutem
1045 5390 1133 5447 populi
1150 5391 1200 5436 sibi
1219 5403 1276 5437 con·

526 5456 621 5501 crediti
639 5455 827 5513 sollicitudine,
848 5456 1021 5502 utilissimam
1043 5459 1110 5502 hanc
1125 5459 1274 5515 puellarum

526 5523 649 5569 caritatis
668 5523 838 5578 societatem,
857 5535 937 5582 quam
958 5524 1114 5570 carissimus
1133 5525 1235 5582 pariter
1249 5525 1274 5570 in

527 5589 632 5636 Christo
647 5589 719 5635 nlius
729 5595 820 5636 noster
829 5591 939 5636 carolus
949 5590 1031 5648 ipsius
1042 5602 1136 5648 parens
1145 5597 1275 5646 augustus

527 5657 760 5716 providentissime
778 5659 926 5713 advocarat,
944 5671 957 5703 e
978 5670 1025 5704 suo
1044 5669 1154 5704 munere
1173 5659 1275 5704 censuit

527 5725 710 5771 vehementius
725 5735 892 5782 promovere:
907 5726 1029 5783 datisque
1043 5725 1140 5772 idcirco
1155 5738 1201 5782 per
1215 5725 1275 5771 dile-

526 5794 598 5837 ctum
615 5791 700 5836 illium
716 5793 833 5849 equitem
849 5793 993 5838 antonium
1013 5797 1113 5848 vargas
1134 5805 1149 5850 y
1170 5797 1275 5850 Laguna

527 5871 604 5905 suum
625 5861 694 5916 apud
710 5871 756 5906 nos
771 5865 798 5906 et
812 5861 988 5918 apostolicam
1008 5862 1099 5908 Sedern
1115 5862 1274 5919 plenipoten-

528 5927 628 5973 tiarum
643 5926 832 5974 administrum
848 5929 933 5975 enixis
947 5930 1070 5986 precibus
1083 5941 1100 5976 a
1114 5930 1190 5976 nobis
1208 5931 1275 5976 effla·

527 5995 632 6055 gitavia
647 5998 678 6040 ut
696 5996 873 6043 necessariam
894 5997 997 6044 roboris
1015 6009 1047 6044 ac
1065 5997 1203 6044 firmitatis
1221 5998 1274 6044 vim

1050 593 1116 644 luit.
1139 593 1232 642 ΡΟΝΤ.
1256 593 1297 642 bit
1319 593 1349 642 P.
1372 591 1403 641 F.
1427 593 1511 642 PARS
1531 595 1554 642 l.

2120 582 2174 640 An.
2187 584 2216 642 G.
2231 584 2301 643 lsslss

1335 713 1448 791 regnis
1464 713 1657 778 existentem
1674 717 1859 780 omnimode
1874 715 2085 779 iurisdictioni

1335 807 1444 869 vicarii
1456 809 1616 885 generalis
1627 811 1886 888 congregationis
1896 809 2001 874 Sancti
2011 809 2086 872 Vin-

1336 901 1431 964 centii
1444 917 1461 963 a
1473 900 1569 965 Panlo
1581 904 1689 966 denno
1704 903 1862 967 subiicere
1877 904 2083 983 impulerant,

1336 1002 1433 1072 prout
1444 997 1563 1058 nostris
1575 997 1778 1062 decrevimus
1789 997 1969 1076 apostolicis
1982 997 2085 1060 literis

1336 1087 1416 1150 datis
1438 1106 1524 1152 nono
1546 1091 1697 1153 halendas
1719 1091 1788 1153 inlii
1816 1091 1974 1154 vertentis
1995 1093 2081 1165 anni,

1336 1180 1528 1259 derogantes
1560 1184 1718 1262 prioribus
1747 1183 1849 1248 literis
1879 1184 1998 1246 nostris
2024 1186 2084 1248 sub

1336 1274 1444 1335 datum
1467 1277 1605 1356 septimo
1627 1277 1778 1340 kalendas
1792 1277 1901 1354 aprilis
1915 1293 1999 1340 anno
2014 1279 2085 1340 mil-

1336 1367 1451 1430 lesimo
1473 1369 1741 1446 octingentesimo
1757 1371 1999 1444 decimosexto,
2017 1389 2086 1434 eae-

1336 1461 1409 1522 dem
1432 1462 1567 1524 suadent
1587 1463 1679 1525 nohis
1701 1465 1733 1526 in
1756 1465 2009 1544 praesentiarum
2029 1482 2085 1528 no-

1336 1567 1390 1614 vas
1411 1553 1482 1616 illas
1504 1571 1562 1634 pro
1583 1555 1672 1618 dictis
1688 1557 1803 1634 puellis
1818 1558 1974 1635 abrogare
1990 1573 2085 1634 regu-

1335 1646 1394 1720 las,
1427 1662 1505 1725 quas
1537 1665 1553 1710 a
1585 1649 1762 1712 venerabili
1792 1649 1891 1712 fratrc
1920 1651 2085 1714 Francisco

1336 1739 1476 1803 Antonio
1508 1741 1687 1804 Patriarcha
1716 1743 1877 1806 lndinrnm
1907 1747 2085 1824 propositas

1336 1842 1368 1896 et
1382 1835 1457 1898 huic
1472 1834 1603 1898 Sanctae
1624 1835 1697 1900 Sedi
1713 1838 1881 1912 exhibitas,
1899 1839 2084 1902 memoratis

1335 1927 1437 1991 literis
1459 1929 1534 1991 anni
1556 1930 1717 1992 millesimi
1745 1932 2006 2010 octingentesimi
2032 1933 2085 1996 de·

1336 2023 1409 2084 cimi
1432 2025 1514 2085 sexti
1536 2025 1794 2102 approbavimus.
1819 2025 1907 2088 Votis
1922 2025 2022 2104 igitur
2037 2043 2085 2088 ca-

1335 2115 1453 2177 rissimi
1475 2116 1508 2177 in
1530 2115 1658 2178 Christo
1680 2117 1736 2179 lilii
1763 2119 1865 2182 nostri
1892 2118 2084 2182 Fordinandi

1333 2377 1399 2410 novo
1414 2367 1476 2410 huic
1492 2367 1669 2412 saluberrimo
1686 2369 1812 2414 instituto
1828 2367 1902 2414 iuxta
1917 2372 2084 2416 constitutio·

1332 2444 1379 2478 nes
1393 2445 1424 2478 ex
1439 2432 1497 2478 eius
1511 2433 1585 2478 iussu
1600 2445 1616 2480 a
1632 2434 1778 2480 venerabili
1793 2434 1876 2481 fratre
1887 2437 2026 2483 [branciaco
2036 2443 2084 2482 an·

1332 2499 1405 2545 ionio
1420 2499 1575 2546 Patriarcha
1589 2501 1725 2546 indiarum
1740 2503 1923 2558 concinnatas,
1938 2505 2083 2560 apostolica

1333 2567 2083 2628 tribueremusbenignitate.superabundavimusgaudio

1332 2635 1496 2690 perlegentes
1511 2635 1609 2681 allatas
1623 2646 1722 2692 preces,
1732 2637 1828 2693 quibus
1839 2637 1904 2683 adeo
1914 2637 2081 2684 luculentum

1332 2699 1423 2745 illialis
1437 2700 1464 2745 in
1480 2712 1527 2746 nos
1542 2706 1569 2746 et
1584 2705 1706 2748 Sanctam
1723 2703 1814 2765 sedem
1834 2703 2025 2758 observantiae,
2041 2705 2082 2748 de-

1332 2766 1444 2812 votionis
1458 2777 1490 2814 ao
1504 2767 1565 2813 ildei
1575 2769 1753 2825 praebebatur
1768 2770 1963 2824 testimoniurn;
1979 2773 2082 2828 hecque

1333 2832 1514 2880 benediximus
1533 2835 1604 2892 patri
1626 2835 1708 2882 totius
1727 2836 1926 2892 consolationis,
1945 2837 1991 2893 qui
2009 2837 2082 2882 dedit

1331 2899 1389 2956 regi
1403 2912 1448 2946 cor
1461 2901 1545 2948 docile
1564 2902 1737 2959 animumque
1755 2903 1888 2948 excelsum
1908 2907 1934 2949 et
1955 2913 2082 2960 maguum

1331 2967 1365 3012 ad
1379 2967 1510 3014 iaciendas
1524 2969 1728 3016 iustificationes
1746 2981 1816 3016 suas.
1837 2973 1929 3016 Preces
1944 2973 1971 3016 et
1987 2971 2083 3017 consti-

1332 3034 1449 3080 tutiones
1470 3037 1620 3094 praedictae
1641 3045 1704 3084 sunt
1725 3038 1860 3094 sequentis
1882 3038 1994 3092 tenoris,
2017 3039 2083 3084 vide·

1331 3102 1406 3148 licet:

1464 3241 1619 3284 Beatissimo
1634 3243 1722 3289 Pater,

1372 3372 1408 3414 Ex
1424 3382 1483 3427 quo,
1498 3370 1588 3417 diviua
1597 3371 1746 3428 opitulante
1756 3373 1881 3429 pietate...
1893 3377 2015 3429 (Reliqua
2024 3373 2084 3420 otae

1331 3441 1408 3488 anno
1421 3441 1550 3484 mainard
1567 3443 1629 3484 tom.
1645 3443 1692 3495 vl,
1707 3451 1767 3497 pag.
1785 3443 1854 3496 1228).

1372 3578 1384 3620 s
1398 3573 1418 3615 i.
1435 3574 1515 3618 llasoe
1528 3574 1741 3630 constitutiones,
1756 3575 1872 3630 primum
1883 3577 2082 3634 congregationi
2109 3600 2192 3641 ,qm
2203 3600 2322 3650 omre.

1333 3638 1524 3684 venerabilium
1540 3639 1654 3686 hats-um
1669 3645 1822 3688 nostrorum
1843 3646 1866 3689 S.
1885 3647 2020 3692 Romanae
2039 3648 2082 3690 nc-
2099 3653 2323 3704 pattoapiscopo·

1332 3704 1428 3750 clasiae
1451 3705 1630 3752 cardinalium
1650 3709 1765 3764 negotiis
1793 3715 1820 3754 et
1840 3711 2081 3758 consultationibus
2099 3715 2165 3748 stim
2187 3711 2212 3748 0²
2232 3708 2323 3758 Redit·

1333 3771 1520 3828 episcoporum
1534 3779 1560 3818 et
1572 3775 1746 3830 Regularium
1761 3777 1927 3834 praepositae
1939 3777 2081 3834 diligenter
2099 3761 2226 3854 {ngss‘ae
2239 3771 2324 3856 'gisia'

1332 3839 1521 3886 examinandas
1530 3851 1562 3885 aa
1576 3841 1755 3888 discutiendas
1769 3843 1960 3898 commisimus,
1975 3856 2006 3890 ac
2019 3845 2081 3890 illas
2099 3824 2203 3908 congus,
2216 3823 2323 3917 ἕψῃ.

1332 3905 1426 3950 deinde
1449 3917 1495 3951 nos
1514 3906 1564 3963 ipsi
1582 3911 1688 3954 mature
1708 3909 1948 3968 consideravimus;
1969 3923 2081 3970 cumque
2100 3920 2177 3962 bavit.

1333 3974 1422 4019 omnia
1436 3974 1463 4022 in
1478 3975 1631 4022 animarum
1648 3978 1754 4032 bonnm,
1769 3979 1797 4023 in
1812 3981 2021 4036 praeclariorem
2033 3983 2081 4025 vir·

1333 4043 1422 4085 tutum
1442 4042 1608 4098 exercitium,
1627 4043 1653 4088 in
1673 4049 1776 4090 rectum
1796 4046 1908 4104 denique
1928 4047 2082 4093 huiusmodi

1333 4107 1468 4153 societatis
1483 4109 1602 4166 regimen
1617 4111 1729 4156 mirifice
1744 4113 1897 4169 conspirare
1907 4113 2082 4171 deprehende-

1332 4176 1427 4230 rimus,
1442 4177 1610 4234 praelaudati
1623 4180 1783 4226 Fordinandi
1798 4182 1870 4238 regis
1878 4183 2004 4228 catholici
2014 4183 2082 4230 votls

1332 4241 1446 4286 libenter
1467 4245 1624 4300 annuimus,
1643 4251 1820 4304 opportunam
1841 4248 1987 4295 exhibitam
2007 4251 2082 4296 nobis

1332 4308 1413 4354 tuisse
1427 4311 1590 4356 occasionem
1601 4313 1778 4369 gratulantes,
1788 4325 1841 4371 qua
1851 4315 1983 4372 possimus
1993 4317 2082 4375 aliquo

1332 4374 1400 4420 iacto
1409 4375 1557 4432 gratificari
1565 4378 1649 4423 eidem
1661 4380 1726 4436 regi,
1737 4391 1754 4425 a
1762 4381 1839 4426 cuius
1847 4381 1945 4428 eximia
1953 4384 2082 4440 religione

1332 4442 1606 4501 praeclarissimisqne
1627 4446 1711 4490 animi
1732 4447 1878 4494 virtutibus
1897 4449 1970 4496 laeta
1990 4451 2081 4509 nobis,

1330 4509 1403 4555 laeta
1417 4510 1557 4566 Ecclesiae,
1572 4513 1642 4557 laeta
1657 4513 1716 4558 sedi
1733 4514 1898 4571 apostolicae
1917 4527 2022 4574 semper
2040 4517 2081 4564 ob

1331 4580 1443 4622 ventura
1458 4577 1623 4624 confidimus.

1370 4649 1383 4692 s
1397 4645 1417 4687 3.
1433 4645 1467 4688 De
1481 4645 1591 4691 consilio
1600 4645 1691 4703 itaque
1700 4648 1896 4704 praedictorum
1908 4649 2023 4698 fratrum
2038 4663 2081 4698 no·
2138 4681 2322 4732 Confirmatio

1330 4713 1448 4755 atrorum
1469 4715 1580 4758 sanotae
1598 4715 1732 4760 Romanae
1753 4717 1883 4762 Ecclesiae
1898 4718 2080 4766 cardinalium
2098 4736 2253 4785 apostatica.

1330 4789 1361 4821 ex
1380 4783 1454 4823 certa
1473 4779 1584 4825 scientia
1598 4785 1624 4825 et
1644 4787 1750 4828 matura
1769 4783 1960 4830 deliberatione
1981 4787 2080 4833 nostris

1330 4845 1413 4900 deque
1427 4846 1589 4902 apostolicae
1604 4849 1744 4903 potestatis
1759 4849 1923 4906 plenitudine
1938 4863 2081 4909 suprame-

1330 4916 1449 4958 moratas
1463 4913 1667 4959 constitutiones
1688 4917 1759 4972 typis
1778 4917 1871 4963 deiude
1889 4917 2080 4977 imprimendas

1330 4981 1357 5023 et
1372 4979 1542 5036 publicandas
1558 4984 1649 5026 tenore
1663 4985 1844 5038 praesentium
1861 4991 2012 5034 nostrarum
2022 4989 2081 5036 lite-

1330 5055 1423 5090 rarum
1437 5057 1559 5103 expresse
1570 5049 1755 5106 approbamus.
1767 5054 1793 5096 et
1803 5053 2001 5110 confirmamus,
2017 5055 2082 5103 illia-

1330 5125 1381 5168 que
1395 5113 1557 5160 inviolabilis
1572 5116 1733 5171 apostolicae
1748 5118 1887 5166 firmitatis
1901 5123 1983 5168 robur
1992 5123 2082 5170 adiici·

1331 5190 1397 5234 mus,
1412 5191 1443 5226 ac
1462 5193 1553 5227 omnes
1572 5189 1598 5228 et
1617 5183 1737 5240 singulos
1756 5189 1812 5232 tam
1834 5188 1901 5234 iuris
1919 5201 1998 5246 quam
2017 5191 2081 5237 iacti

1330 5247 1454 5304 deiectus,
1469 5249 1491 5295 si
1507 5251 1551 5308 qul
1567 5251 1679 5308 desuper
1693 5253 1889 5309 quomodolibet
1908 5257 1997 5303 forsan
2016 5259 2080 5304 irre·

1330 5315 1439 5371 pserlnt,
1454 5318 1616 5374 supplemus,
1631 5331 1727 5376 eosque
1741 5323 1774 5366 ab
1789 5323 1912 5369 omnibus
1922 5329 1948 5370 et
1958 5325 2079 5383 siugulis,

1330 5393 1397 5438 quae
1411 5383 1496 5428 eidem
1517 5384 1636 5431 societati
1657 5399 1751 5433 nomen
1770 5389 1900 5445 dederint,
1920 5403 1989 5438 nunc
2008 5397 2035 5438 et
2051 5395 2078 5440 in

1330 5453 1466 5504 posterum
1480 5451 1671 5499 inviolabiliter
1685 5466 1715 5500 ac
1725 5461 1852 5513 perpetuo
1861 5459 1996 5506 observari
2007 5473 2079 5519 prae·

1329 5517 1442 5573 cipimus
1461 5521 1489 5562 et
1503 5520 1668 5566 mandamus.
1688 5523 1898 5581 omnipotentem
1917 5531 2008 5574 antem
2023 5541 2079 5575 ora-

1330 5593 1390 5629 mus
1406 5587 1496 5640 Deum,
1511 5597 1527 5631 a
1541 5598 1593 5642 quo
1607 5594 1699 5634 sancta
1718 5590 1858 5648 desideria,
1878 5597 1950 5642 recta
1968 5597 2077 5644 consilia

1330 5655 1356 5698 et
1367 5652 1438 5700 iusta
1452 5659 1516 5700 sunt
1525 5666 1613 5712 opera,
1623 5658 1784 5714 pientissimi
1794 5661 1863 5706 adsit
1874 5663 1997 5710 catholici
2007 5665 2078 5723 regis

1329 5721 1401 5767 curis
1425 5726 1452 5768 et
1471 5724 1580 5780 studiis,
1602 5736 1728 5782 eumque,
1749 5731 1779 5774 ut
1799 5729 1919 5786 Gregorii
1939 5733 2026 5788 Magni
2044 5733 2079 5780 ad

1330 5791 1493 5836 Gennadium
1508 5793 1594 5838 verbis
1609 5797 1727 5852 utamur,
1742 5807 1789 5853 pro
1804 5797 1899 5844 solatio
1915 5801 2079 5850 sanctaerei·

1330 5857 1449 5914 publicae
1463 5859 1672 5907 misericorditer
1686 5867 1817 5922 protegat,
1827 5867 1897 5912 etad
1911 5866 2077 5914 dilatandum

1329 5936 1376 5983 per
1393 5925 1523 5972 finitimas
1543 5931 1635 5985 gentes
1654 5941 1749 5976 nomen
1764 5931 1821 5978 eius
1835 5935 1922 5993 magis
1940 5937 2078 5996 magisque

1330 5993 1432 6041 brachii
1447 5995 1488 6041 eui
1503 5995 1631 6043 firmitate
1645 5997 1781 6046 confortet.
