4836 7002
319 559 371 615 An.
384 558 412 614 C.
427 558 495 616 teuit
549 557 609 622 ΞΜ

531 693 668 772 positum
684 695 775 758 nobis
790 701 839 758 est
850 710 944 774 quarn
961 696 1100 759 maxime
1112 694 1276 774 expedire,

532 795 566 850 ut
587 786 678 850 istius
705 789 893 852 cathedralis
923 790 1065 868 paroecia
1088 806 1104 851 a
1126 790 1278 852 decanatu

530 881 772 960 inperpetuum
795 882 965 955 dividatur,
984 891 1051 946 turn
1069 884 1108 946 ob
1123 883 1276 961 exiguum

531 974 785 1051 praebendarum
807 975 986 1040 choralium
1005 993 1191 1050 numerum,
1211 983 1276 1038 turn

530 1081 609 1130 vero
631 1068 728 1130 etiam
751 1070 835 1147 quod
862 1071 999 1134 decanus
1025 1070 1155 1149 parochi
1176 1069 1279 1133 officio

531 1160 679 1223 obeundo
711 1161 884 1240 impeditus
915 1179 1150 1241 saepenumero
1180 1163 1279 1226 choro

530 1253 642 1316 abesse
664 1253 793 1331 debeat;
817 1271 916 1334 quare
939 1257 1134 1335 postulatum
1157 1256 1279 1320 anobis

530 1354 580 1409 est
601 1354 637 1410 ut
655 1349 800 1426 ¹paroecia
822 1367 838 1412 a
860 1350 1030 1414 decanatus
1052 1349 1206 1428 dignitate
1227 1367 1279 1413 au·

530 1439 718 1504 auctoritate
733 1449 841 1505 nostra
856 1443 1025 1522 apostolica
1041 1445 1278 1522 inperpetuum

531 1534 720 1598 dividamus.
743 1534 808 1600 Nos
830 1537 930 1614 igitur
948 1553 1059 1600 omnes
1074 1545 1106 1599 et
1120 1537 1277 1615 singulos,

531 1628 647 1706 quibus
670 1629 728 1692 bae
749 1630 862 1694 literae
878 1630 996 1702 lavent,
1013 1630 1165 1710 peculiari
1186 1632 1280 1694 bene·

531 1723 657 1786 licentia
679 1725 830 1802 prosequi
851 1724 999 1787 volentes
1022 1731 1054 1788 et
1075 1743 1090 1786 a
1112 1725 1280 1803 quibusvis

531 1817 870 1881 excommunicationis
893 1824 925 1881 et
946 1819 1119 1892 interdicti,
1135 1818 1281 1882 ecclesia-

530 1909 617 1972 sticis
629 1912 784 1985 censuris,
800 1913 969 1976 sententiis
985 1919 1016 1976 et
1031 1913 1152 1991 poenis,
1165 1913 1280 1990 quovis

532 2005 627 2067 modo
643 2012 675 2068 et
689 2020 892 2083 quacumque
908 2005 948 2069 de
962 2023 1053 2069 causa
1069 2007 1150 2078 latis,
1165 2007 1280 2085 siquas

531 2097 614 2162 lorte
633 2098 840 2171 incurrerint,
858 2099 953 2162 buius
975 2107 1098 2162 tantum
1117 2100 1164 2162 rei
1180 2100 1280 2177 gratia

530 2190 734 2255 absolventes
749 2197 781 2255 et
791 2192 953 2255 absolutos
965 2192 1035 2255 iore
1047 2201 1227 2266 censentes,
1240 2194 1280 2256 de

530 2285 664 2348 consilio
678 2285 914 2349 venerabilium
935 2285 1072 2348 iratrum
1093 2291 1279 2348 nostrorum

531 2379 563 2443 S.
581 2381 617 2443 lt.
633 2380 669 2442 E.
692 2379 920 2453 cardinalium,
944 2380 1204 2443 extraordinariis
1224 2379 1279 2443 Ec-

530 2473 644 2536 clesiae
678 2473 817 2552 negotiis
849 2473 1056 2552 expediendis
1088 2475 1280 2553 praeposito

530 2583 622 2640 rum,
657 2567 731 2641 tibi,
761 2583 836 2632 ven.
865 2567 981 2640 irater,
1014 2583 1071 2646 per
1094 2576 1279 2646 praesentes

530 2677 583 2724 eas
594 2667 700 2738 partes
715 2662 958 2734 committimus,
975 2667 1011 2723 ut
1026 2662 1213 2724 auctoritate
1225 2678 1279 2723 no-

530 2761 594 2816 stra
608 2753 778 2832 apostolica
800 2755 929 2834 parocbi
944 2771 1063 2819 munus
1078 2773 1095 2818 a
1110 2756 1280 2819 decanatus

530 2847 685 2925 dignitate
705 2849 739 2909 in
761 2857 954 2928 perpetuum
978 2851 1099 2914 dividas
1120 2856 1216 2928 atque
1231 2866 1279 2911 se·

530 2940 654 3017 iungas.
671 2939 830 3006 Volumus
844 2951 951 3005 autem
967 2952 1000 3006 et
1014 2944 1213 3016 mandamus,
1230 2953 1276 3018 ut,

530 3035 563 3096 in
578 3035 748 3100 collatione
770 3037 870 3100 dictae
891 3038 1080 3101 cathedralis
1102 3037 1276 3117 paroeciae,

530 3145 706 3193 concursus
719 3130 908 3194 adhibeatur
919 3133 1006 3196 iuxta
1020 3131 1201 3196 Concilium
1211 3132 1278 3195 'lri-

530 3224 718 3300 deotinum;
741 3225 774 3288 in
798 3225 992 3290 conterenda
1018 3234 1125 3290 autem
1148 3227 1279 3290 decana·

531 3325 582 3381 tus
617 3318 772 3395 dignitate
803 3335 939 3382 examen
971 3321 1193 3398 praemittatur
1225 3320 1277 3383 vel

530 3411 615 3476 aliud
637 3413 898 3492 experimentum
920 3414 959 3476 ab
981 3414 1137 3493 Episcopo
1156 3415 1279 3495 ¹Guava·

1051 577 1117 624 tutt.
1141 577 1233 624 rottr.
1256 575 1297 622 ult
1319 575 1349 622 P·
1373 576 1403 622 Ι.
1427 577 1511 622 PARS
1532 577 1554 623 l.

1333 692 1472 771 quilensi
1488 711 1546 772 pro
1566 701 1712 773 tempore
1733 695 1894 758 existente
1915 694 2083 772 designan-

1334 787 1422 850 dum.
1450 787 1606 866 lienique,
1630 789 1698 860 tibi,
1723 804 1797 850 ven.
1821 787 1874 861 lr.‚
1898 803 1956 866 per
1978 795 2083 866 partes

1333 881 1506 943 suademus
1527 888 1623 959 atque
1641 881 1850 953 inculcamus,
1867 887 1904 944 ut
1918 881 1955 942 ad
1971 897 2084 942 ornan-

1334 974 1411 1036 dum
1434 974 1613 1052 parochiale
1630 989 1748 1038 munus
1767 982 1977 1038 memoratam
1993 974 2083 1036 istius

1333 1067 1523 1132 cathedralis
1545 1070 1722 1148 paroeciam
1745 1069 1777 1131 in
1797 1069 2017 1132 canonicatum
2032 1083 2084 1130 cu-

1335 1168 1440 1224 ratum
1456 1162 1560 1239 erigas
1572 1170 1667 1240 atque
1678 1164 1863 1236 constituas.
1880 1162 1962 1224 llaec
1973 1177 2085 1224 conce·

1335 1257 1440 1320 dimus
1462 1263 1495 1319 et
1514 1259 1712 1329 mandamus,
1730 1257 1942 1321 decernentes
1964 1256 2020 1318 lias
2035 1255 2085 1318 lit-

1336 1357 1429 1422 teras,
1444 1350 1561 1422 tlrmas,
1574 1350 1692 1413 validas
1705 1357 1737 1412 et
1747 1349 1889 1412 efficaces
1900 1349 2041 1412 existere
2053 1355 2085 1410 et

1335 1443 1404 1506 lore
1419 1459 1560 1520 suosque
1572 1443 1732 1523 plenarios
1748 1453 1781 1506 et
1795 1443 1940 1521 integros
1952 1442 2084 1505 allectus

1334 1536 1443 1599 sortiri
1459 1543 1492 1600 et
1506 1536 1665 1610 obtinere,
1679 1553 1713 1598 ac
1728 1535 1801 1608 illis,
1818 1537 1854 1599 ad
1871 1551 1951 1613 quos
1965 1541 2085 1613 spectat

1336 1640 1368 1694 et
1389 1631 1422 1692 in
1444 1637 1609 1708 posterum
1639 1630 1803 1708 spectabit,
1826 1630 1859 1693 in
1881 1627 2031 1692 omnibus
2053 1635 2086 1690 et

1336 1739 1393 1803 per
1415 1724 1520 1787 omnia
1542 1723 1729 1802 plenissime
1750 1721 1916 1800 suflragari
1940 1728 1973 1784 et
1986 1721 2024 1784 ab
2039 1720 2085 1782 eis

1336 1817 1514 1896 respective
1536 1817 1764 1880 inviolabiliter
1784 1815 1959 1887 observari,
1975 1815 2085 1893 sicque

1335 1913 1367 1974 in
1380 1912 1574 1990 praemissis,
1586 1927 1643 1990 per
1655 1925 1877 1990 quoscumque
1889 1909 2020 1982 iudices,
2035 1924 2084 1970 or-

1335 2006 1473 2069 dinarios
1495 2012 1528 2068 et
1548 2004 1723 2082 delegatos,
1741 2003 1835 2066 etiam
1851 2018 2018 2065 causarum
2034 2017 2085 2080 pa-

1334 2099 1401 2162 latii
1416 2099 1517 2162 nostri
1533 2099 1695 2177 apostolici
1714 2097 1888 2170 auditores,
1904 2095 2037 2159 iudicari
2053 2103 2085 2158 et

1335 2193 1462 2256 deliniri
1487 2191 1617 2266 debere,
1648 2209 1682 2255 ac
1711 2191 1840 2254 irritum
1869 2199 1902 2253 et
1930 2190 2035 2262 inane,
2058 2191 2084 2251 si

1334 2303 1426 2350 secus
1447 2301 1544 2364 super
1560 2285 1609 2347 bis
1623 2303 1640 2347 a
1655 2299 1829 2363 quoquam,
1852 2284 1964 2362 quavis
1979 2290 2085 2346 aucto-

1334 2381 1438 2454 ritate,
1462 2379 1601 2444 scienter
1616 2379 1668 2442 vel
1682 2380 1872 2457 ignoranter
1889 2378 2085 2455 contingerit

1333 2474 1493 2538 attentari.
1516 2473 1586 2538 Non
1610 2473 1807 2538 obstantibus
1830 2481 1937 2537 nostra
1960 2479 1992 2534 et
2013 2489 2084 2534 can·

1333 2568 1480 2632 cellariae
1501 2567 1692 2647 apostolicae
1713 2568 1827 2646 regula
1849 2568 1889 2630 de
1903 2565 1974 2629 iure
1989 2581 2084 2644 quae-

1333 2663 1394 2726 sito
1416 2677 1481 2724 non
1505 2661 1658 2733 tollendo,
1683 2676 1810 2724 necnon
1826 2659 2013 2723 memoratis
2028 2677 2083 2722 no-

1333 2756 1407 2818 stris
1425 2755 1526 2818 literis
1542 2755 1602 2817 sub
1618 2754 1751 2833 plumbo
1766 2755 1846 2818 datis
1860 2771 1903 2816 rv.
1920 2753 1984 2816 kal.
2001 2753 2082 2816 lebr.

1332 2866 1416 2912 anno
1438 2865 1671 2914 uocccxxxvrr.
1694 2849 1827 2927 aliisque
1851 2849 2085 2912 constitutioni·

1333 2944 1392 3007 bus
1414 2951 1446 3006 et
1461 2943 1678 3007 sanctionibus
1693 2944 1885 3022 apostolicis,
1902 2943 2083 3022 ceterisque

1332 3039 1428 3102 etiam
1459 3039 1587 3118 speciali
1615 3038 1782 3102 mentione
1812 3055 1847 3101 ac
1875 3038 2085 3117 derogatione

1333 3133 1438 3210 dignis
1459 3133 1627 3196 contrariis
1651 3133 1921 3212 quibuscumque.

1373 3225 1486 3287 ilatum
1503 3225 1633 3300 Romae,
1650 3226 1732 3304 apud
1749 3224 1781 3288 S.
1798 3224 1942 3297 Petrum,
1955 3226 2015 3288 sub
2031 3241 2084 3286 an-

1333 3319 1411 3381 nulo
1439 3319 1562 3394 Piscat,
1592 3319 1643 3383 die
1669 3336 1714 3382 xr.
1747 3319 1855 3397 aprilis
1887 3333 2082 3391 uncccxnv„

1331 3414 1534 3494 pontificatus
1555 3413 1657 3476 nostri
1678 3429 1762 3476 anno
1784 3429 1837 3475 xv.

2122 558 2172 613 Au.
2186 559 2214 613 C.
2230 555 2308 614 tete
