4836 7002
121 569 156 624 ,tn
165 557 186 614 C.
196 546 252 610 {765

119 687 269 749 tluinslnstitu·
327 683 345 756 ἓ

112 761 123 804 ti
133 745 219 799 solidatio
236 751 269 784 re-

110 809 204 856 radatur,
222 794 268 854 plu·

110 868 153 910 rium
183 845 269 896 Pontifi-

111 926 146 962 runr
167 901 270 962 illilfflhss'

111 972 170 1015 nones,
178 969 214 1018 ¹¹⁰9
225 963 267 1015 ΠΨ]

109 1032 142 1066 ,iras
156 1015 231 1058 rirerrta
246 1017 267 1049 in

109 1071 216 1126 religionem
235 1072 270 1104 re‘

109 1124 211 1173 areentur.

905 561 1049 608 GLEMENS
1071 562 1121 606 ΡΙ).
1147 561 1216 607 xrtr.

365 681 394 742 2.
418 680 602 744 institutum
635 679 800 744 societatis
822 679 892 742 lesu
914 680 952 742 ab
981 681 1037 743 bo-

288 775 375 836 mine
393 775 570 845 conditum,
587 775 638 836 cni
653 775 691 836 ab
705 775 882 838 universali
898 775 1035 838 Ecclesia

288 868 372 929 idem
401 869 457 946 qui
489 868 604 930 sanctis
635 868 713 930 viris
745 869 850 931 cultus
879 875 911 932 et
934 870 1037 932 bonor

291 962 486 1043 tribuitur,a¹
508 961 562 1024 fel.
581 977 645 1024 rec.
666 963 965 1040 praedecessoribus
981 979 1035 1025 no·

289 1056 361 1116 stris
384 1055 481 1120 Panlo
502 1055 551 1118 tlt.
576 1067 609 1120 et
630 1056 709 1118 lulio
739 1057 848 1120 itidem
872 1057 935 1128 lll.,
961 1058 1036 1120 Pau·

289 1147 320 1210 lo
341 1147 406 1219 tv„
430 1148 587 1226 Gregorio
609 1148 686 1212 Xlll.
711 1157 743 1212 et
764 1149 920 1226 Gregorio
941 1151 1034 1222 xlv„

288 1243 383 1305 Panlo
407 1242 444 1304 V.
468 1242 614 1321 diligenti
646 1245 793 1306 examine
827 1261 1034 1323 perpensum,

287 1337 509 1415 approbatum,
540 1339 665 1416 saepius
694 1341 917 1402 confirmatum
945 1350 975 1405 et
999 1341 1036 1403 ab

287 1431 401 1493 iisdem
431 1431 643 1510 pluribusque
672 1434 740 1496 aliis
763 1434 801 1496 ab
820 1436 1036 1514 novendecim

288 1526 589 1602 praedecessoribus
605 1527 720 1590 nostris
736 1536 884 1590 ornatum
903 1529 1038 1606 peculin-

287 1619 377 1680 ribns
406 1618 569 1682 favoribus
592 1627 625 1683 et
653 1622 780 1698 gratiis,
805 1621 1036 1701 Episcopornm

288 1729 352 1776 non
375 1715 471 1776 modo
494 1715 604 1787 buius,
628 1716 683 1778 sed
706 1717 912 1794 superiorum
942 1717 1036 1780 etiam

287 1815 438 1878 aetatum,
454 1810 623 1885 praeconio
636 1811 906 1879 commendatum,
920 1816 957 1890 ,nt
975 1822 1038 1872 ma-

288 1903 375 1962 nime
405 1900 599 1977 frngiferum
630 1909 662 1963 ct
690 1901 910 1975 fructuosum,
943 1911 980 1968 nt
1001 1904 1036 1967 ad

288 1996 547 2073 promovendum
571 1996 627 2058 Dei
655 1996 798 2068 cultum,
827 1997 985 2059 bonorem
1007 2005 1040 2060 et

287 2089 424 2165 gloriam
448 2097 678 2166 aeternamque
699 2090 878 2153 animarum
901 2091 1038 2154 salutem

287 2184 521 2261 procurandam
551 2183 770 2261 aptissimum,
804 2186 1039 2262 potentissimo-

288 2293 361 2338 rum
393 2277 675 2355 piissimornmque
704 2295 820 2355 regum
847 2287 879 2342 et
905 2279 1037 2342 clarissi·

286 2387 418 2432 morum
432 2371 467 2433 in
481 2371 651 2434 olrristiana
673 2373 836 2450 republica
858 2374 1036 2451 principum

287 2466 446 2542 praesidio
468 2473 500 2528 et
522 2464 620 2528 tutela
641 2480 745 2542 usque
761 2467 935 2538 munitum,
949 2467 1039 2529 cuius

288 2575 329 2620 ex
352 2558 516 2636 disciplina
538 2575 656 2621 novem
673 2560 823 2638 prodiere
839 2561 899 2622 viri
915 2562 947 2622 in
964 2560 1039 2622 San-

288 2659 415 2714 ctorum
439 2653 490 2714 vel
522 2653 695 2716 Beatornm
724 2669 897 2716 nnmerum
928 2655 1036 2726 relati,

288 2761 428 2822 qnorum
453 2753 519 2808 tres
541 2747 687 2826 martyrii
712 2748 847 2826 gloriam
869 2757 945 2811 sunt
966 2766 1039 2811 con-

287 2840 462 2916 sequutae
485 2840 632 2918 pluribus
654 2841 819 2904 sanctitate
840 2840 933 2904 claris
947 2829 1037 2914 viris,

288 2949 371 3010 qnos
393 2933 505 2994 Beatos
526 2933 559 2994 in
577 2935 668 2996 coelo
680 2935 829 2996 novimus
844 2935 1040 3012 sempiterna

289 3027 414 3104 perfrui
427 3026 539 3104 gloria,
554 3027 780 3097 collandatum,
798 3029 882 3104 qnod
900 3027 1040 3090 Ecclesia

288 3121 441 3182 universa
464 3119 563 3196 longo
586 3121 723 3182 duorum
747 3120 950 3182 saeculorum
973 3136 1041 3196 spa-

290 3215 336 3276 tio
357 3215 389 3275 in
411 3229 470 3276 suo
485 3214 557 3276 sinu
574 3213 652 3275 aluit
664 3222 696 3276 et
711 3214 802 3284 fovit,
820 3216 954 3290 eiusque
970 3229 1041 3292 pro-

289 3307 468 3369 fessoribus
480 3308 680 3386 praecipuam
695 3308 776 3369 sacri
790 3308 961 3370 ministerii
974 3324 1042 3386 par-

289 3409 356 3463 tem
380 3417 509 3478 semper
531 3401 703 3472 commisit,
721 3417 839 3478 magno
859 3417 933 3464 cnm
956 3419 1043 3464 enro-

288 3495 438 3557 lnmento
466 3497 665 3566 animarum,
689 3495 774 3573 qnod
808 3496 874 3574 ipsa
902 3497 1042 3573 denique

289 3588 444 3651 catholica
467 3587 607 3650 Ecclesia
637 3587 670 3649 in
703 3588 887 3650 ‘tridentina
914 3587 1043 3667 Synodo

290 3681 466 3744 declaravit
487 3681 592 3759 pium:

1762 542 1819 606 {99
1877 539 1928 597 An.
1942 537 1970 596 G.
1985 537 2054 596 {765

1092 679 1239 741 adhibitis
1255 680 1387 750 artibus,
1405 681 1553 744 derivare
1568 687 1662 758 atque
1677 680 1840 757 undeque

1093 788 1156 850 qne
1178 773 1358 836 diffundere
1379 774 1443 836 sint
1469 775 1631 852 aggressi.
1656 790 1761 852 neque
1790 774 1841 836 ad-

1093 865 1155 929 lrnc
1186 875 1311 930 cessam
1332 868 1479 939 incautis,
1502 867 1526 928 si
1560 883 1640 945 qnos
1663 867 1839 938 inveniant,

1092 959 1367 1032 christifidelibus,
1381 969 1418 1022 nt
1432 961 1464 1022 in
1488 962 1634 1040 proprios
1656 962 1842 1038 pertrabant

1092 1067 1216 1123 sensus,
1240 1053 1374 1117 subdole
1396 1055 1579 1132 propinare.
1602 1054 1716 1129 Odoin
1736 1055 1842 1118 Eccle-

1091 1147 1169 1208 siam
1192 1147 1248 1210 Dei
1270 1147 1350 1210 nibil
1373 1148 1527 1210 iniurium
1544 1149 1656 1225 magis,
1674 1149 1754 1212 nibil
1769 1166 1842 1211 con—

1093 1241 1305 1312 tumeliosius,
1324 1243 1411 1318 quasi
1426 1242 1505 1304 adeo
1520 1243 1678 1304 erraverit
1693 1233 1840 1322 turpiter,

1093 1342 1129 1396 nt
1150 1335 1234 1412 qnod
1256 1335 1390 1412 impium
1407 1344 1439 1397 et
1453 1335 1672 1413 irreligiosum
1688 1345 1746 1407 est,
1762 1336 1842 1400 sole·

1095 1429 1212 1492 mniter
1235 1429 1469 1494 existimaverit
1487 1433 1551 1492 fleo
1568 1445 1678 1492 carum
1694 1439 1726 1494 et
1741 1431 1841 1508 pium,

1093 1537 1197 1600 eoqne
1219 1524 1353 1600 decepto
1370 1524 1410 1584 sit
1424 1523 1623 1600 flagitiosius,
1641 1539 1704 1600 qno
1720 1523 1843 1586 dintur-

1094 1620 1165 1680 nius
1186 1619 1222 1680 ad
1246 1633 1348 1680 annos
1374 1618 1496 1682 scilicet
1521 1618 1659 1695 amplius
1688 1619 1843 1682 ducentos

1093 1727 1165 1774 cum
1190 1712 1329 1774 maximo
1352 1713 1530 1774 animarum
1547 1711 1744 1774 detrimento
1759 1712 1843 1774 sinui

1093 1821 1152 1867 suo
1186 1815 1301 1868 tantam
1336 1805 1471 1868 haerere
1503 1804 1607 1866 labem
1633 1813 1666 1867 et
1688 1806 1844 1868 maculam

1093 1899 1296 1960 sustinuerit.
1331 1898 1409 1959 Huic
1442 1905 1529 1960 nnio
1563 1898 1661 1968 malo,
1691 1899 1775 1976 qnod
1806 1915 1845 1962 eo

1093 1989 1222 2068 longius
1244 1991 1481 2054 dissimulatum
1505 1998 1591 2053 tanto
1613 1991 1707 2054 altius
1723 1992 1844 2058 radices

1094 2085 1160 2160 agit
1180 2085 1332 2162 viresque
1354 2085 1490 2161 acquirit
1512 2085 1630 2148 indies
1652 2086 1771 2148 diutius
1786 2086 1845 2148 dif-

1094 2175 1181 2240 ferre
1204 2177 1385 2240 remedium
1408 2177 1537 2247 iustitia,
1553 2194 1633 2255 quae
1656 2196 1712 2241 sna
1727 2180 1845 2257 cuique

1094 2287 1237 2334 asserere
1266 2279 1298 2332 et
1328 2271 1455 2335 fortiter
1488 2272 1570 2334 tueri
1602 2273 1703 2342 iubet,
1735 2281 1767 2336 et
1792 2274 1845 2336 Pa·

1093 2365 1219 2428 storalis
1241 2373 1349 2428 nostra
1370 2380 1446 2443 erga
1469 2365 1642 2429 Ecclesiam
1662 2367 1845 2430 sollicitudo

1094 2475 1158 2522 non
1181 2459 1267 2520 sinit.

1134 2553 1203 2628 §fa
1228 2552 1268 2618 Ut
1290 2554 1390 2631 igitur
1413 2563 1475 2616 tam
1499 2571 1629 2632 gravem
1655 2555 1805 2619 iniuriam
1828 2575 1870 2628 a¹
1905 2565 1940 2628 ad
1959 2565 2026 2610 eane
2042 2564 2078 2608 rn-

1093 2665 1208 2727 sponsa
1219 2648 1368 2720 Ecclesia,
1379 2648 1533 2710 divinitus
1546 2649 1637 2711 nobis
1650 2651 1842 2723 concredita,
1863 2618 2079 2733 iiiiiinpiii'rii

1093 2749 1188 2820 atque
1210 2743 1304 2804 etiam
1328 2742 1366 2804 ab
1383 2743 1438 2804 bac
1454 2741 1563 2819 nposr.
1581 2741 1663 2806 Sede
1679 2745 1845 2822 propulsa·
1863 2725 1957 2834 ζῧξῖἶ,
1976 2705 2079 2822 Ἦὲξὲἰ

1096 2852 1178 2906 mus,
1191 2841 1223 2897 et
1238 2835 1421 2898 huiusmodi
1437 2836 1569 2898 iniustas
1583 2837 1845 2915 irreligiosasque
1864 2831 2078 2930 gfflilgl’oegggj

1094 2943 1189 2992 voces
1204 2929 1236 2990 in
1252 2930 1431 2992 animarum
1448 2931 1623 3007 perniciem
1641 2939 1672 2992 et
1687 2931 1844 2994 seductio·
1865 2938 1926 2982 tifex
1945 2919 1994 2982 n00'
2004 2937 2080 2982 bisti-

1095 3039 1182 3093 nem,
1197 3032 1229 3084 et
1244 3030 1353 3085 contra
1366 3038 1477 3084 omnes
1488 3023 1581 3100 aequi
1599 3023 1738 3101 bonique
1751 3025 1845 3088 ratio·
1864 2990 2079 3090 iiiiauriiniimi‘i

1096 3133 1152 3180 nes
1176 3117 1272 3193 longe
1288 3116 1415 3192 lateque
1430 3115 1570 3189 diffusas,
1588 3125 1695 3180 nostra
1710 3118 1846 3182 anctori-
1865 3099 2000 3156 What·

1097 3217 1159 3274 tato
1181 3209 1351 3288 apostolica
1380 3225 1632 3288 compescamus,
1662 3219 1699 3273 nt
1722 3212 1846 3274 clericis

1097 3304 1299 3381 regularibus
1323 3301 1489 3366 Societatis
1504 3303 1585 3376 lesu,
1603 3305 1632 3366 id
1649 3323 1667 3376 a
1681 3305 1774 3368 nobis
1789 3321 1847 3383 pro

1098 3397 1215 3460 iustitia
1241 3395 1456 3474 exigentibus,
1485 3414 1562 3459 snus
1586 3405 1710 3460 maneat
1733 3407 1845 3470 status,

1098 3491 1336 3553 eademnostra
1350 3492 1537 3552 anctoritate
1553 3491 1677 3553 firmins
1692 3493 1848 3554 constabi-

1098 3583 1205 3656 liatnr‚
1229 3599 1409 3661 eorumque
1436 3601 1521 3648 nnnc
1543 3585 1698 3663 temporis
1721 3601 1848 3648 summe

1098 3678 1220 3742 afflictis
1235 3677 1332 3740 rebus
1351 3678 1478 3754 aliquod
1495 3679 1664 3741 afferamus
1680 3679 1847 3755 levamen;

1099 3779 1135 3834 ut
1153 3773 1282 3834 demum
1305 3771 1482 3834 venerabil.
1508 3772 1643 3834 fratrum
1664 3781 1848 3836 nostrorum

1100 3866 1342 3944 Episcopornm,
1357 3865 1412 3943 qui
1428 3881 1467 3928 en
1490 3867 1639 3929 omnibus
1662 3867 1849 3945 regionibns

1100 3959 1262 4022 catholicis
1285 3959 1432 4022 eamdem
1462 3958 1654 4022 Societatem
1677 3961 1770 4023 nobis
1792 3978 1850 4040 per

1101 4054 1209 4117 literas
1233 4069 1430 4130 magnopere
1451 4055 1731 4126 commendarunt,
1756 4064 1788 4118 et
1810 4071 1849 4118 es

1100 4163 1135 4210 ea
1148 4145 1301 4208 maximas
1317 4146 1470 4210 utilitates
1486 4147 1519 4208 in
1530 4147 1596 4208 suis
1612 4149 1749 4226 quisque
1765 4148 1852 4211 dioe‹

1100 4239 1225 4302 cesibns
1247 4256 1282 4302 se
1304 4255 1417 4318 capere
1439 4241 1644 4318 profitentur,
1661 4241 1753 4304 iustis
1769 4241 1850 4304 desi-

102 3777 271 3853 enumerantur
333 3777 403 3852 §b
430 3775 496 3837 Hoc
526 3775 613 3838 idem
644 3773 842 3846 lnstitutnm,
870 3776 1044 3838 novissime

101 3836 272 3927 {iiiiiie‘iiiiss
292 3867 446 3940 inerunt,
470 3868 525 3944 qni
549 3883 605 3945 per
627 3882 738 3945 pravas
760 3868 1043 3945 interpretationes

101 3937 273 4042 ffiiissfioffissssffi
293 3968 363 4022 turn
386 3961 518 4039 privatis
540 3961 756 4032 sermonibus,
775 3969 840 4022 tum
859 3961 983 4038 scriptis
1000 3969 1044 4024 et-

100 4043 273 4140 ffilglpsselffl
292 4055 355 4116 iam
379 4059 464 4133 typis
492 4055 523 4115 in
546 4054 653 4117 lucem
683 4055 793 4126 editis,
824 4054 1042 4131 irreligiosum

100 4149 272 4247 {ifflssmianffij
293 4156 328 4211 et
349 4148 484 4226 impium
507 4147 678 4226 appellare,
702 4147 907 4209 contumeliis
929 4148 1044 4210 lacera-

100 4266 145 4299 tam
161 4259 272 4311 vesprini.
294 4258 342 4314 re,
360 4243 479 4320 probro
502 4250 533 4303 et
556 4241 729 4318 ignominia
748 4241 874 4304 afficere
890 4257 953 4303 non
969 4250 1046 4304 sunt

292 4335 401 4404 veriti,
425 4343 521 4412 atque
550 4351 589 4400 eo
618 4333 833 4406 devenerunt,
857 4341 893 4397 ut
924 4335 1045 4412 privata

293 4444 351 4490 sua
373 4443 437 4489 non
459 4427 602 4489 contenti
625 4427 786 4504 opinione,
802 4428 984 4489 buinsmodi
1000 4428 1045 4489 vi-

293 4537 351 4584 rus
373 4521 412 4583 de
441 4522 576 4598 regione
597 4520 630 4582 in
652 4521 832 4597 regionem,
860 4521 958 4584 nullis
981 4538 1045 4583 non

293 4741 416 4799 patribus
436 4741 575 4787 societatis
596 4745 653 4787 lesu
675 4741 818 4787 transitum
841 4743 874 4788 ad
888 4743 955 4788 alios
971 4753 1047 4798 qnos·

293 4820 407 4866 cumque
424 4810 533 4854 ordines
555 4809 692 4866 religiosos
714 4815 773 4866 post
793 4811 961 4856 emissionem
979 4815 1047 4858 voto·

294 4887 355 4921 runt
368 4877 536 4922 confirmavit
549 4877 668 4922 clemens
679 4880 719 4921 xl.
730 4878 836 4922 constit.
847 4879 910 4924 anui
921 4891 1045 4924 nnccxrx.

294 4943 349 4987 dec.
361 4955 376 4987 r.
389 4943 432 4996 lis,
443 4943 487 5000 qni
504 4947 561 5000 post
572 4949 633 4988 vota
643 4945 776 5001 simplicia
786 4957 801 4990 a
812 4945 962 5002 praeposito
972 4958 1047 5002 gene·

294 5009 347 5054 rali
362 5007 538 5054 dimittuntur
553 5011 586 5056 ab
602 5011 733 5056 societate
749 5016 816 5066 lesu,
828 5013 903 5058 nulla
913 5013 946 5058 ab
956 5014 1046 5058 eadem

295 5075 427 5121 societate
442 5076 572 5122 alimenta
586 5078 675 5122 deberi
690 5078 802 5124 sancivit
815 5080 970 5124 Benedictus
982 5083 1047 5124 xlll.

240 5189 241 5194 ,
295 5147 378 5188 const.
394 5141 456 5187 anni
476 5154 640 5188 nnccnxvrn.
661 5143 729 5190 iunii
748 5157 795 5190 xn.
811 5147 1046 5202 congregationem

297 5209 452 5264 primariam
465 5211 543 5265 vulgo
558 5216 584 5256 ta
595 5215 684 5256 bucera
697 5213 819 5257 mortain
835 5215 944 5258 ecclesia
955 5213 1048 5258 domus

297 5275 429 5332 professae
453 5277 592 5322 societatis
616 5281 674 5322 lesu
701 5283 816 5324 erectam
843 5281 998 5336 approbavit
1023 5283 1048 5324 et

296 5343 470 5400 quamplures
490 5344 572 5388 eidem
590 5343 769 5401 indulgentias
789 5347 917 5391 concessit
933 5347 1048 5392 Pontifex

297 5410 367 5454 idern
383 5415 466 5455 const.
482 5411 544 5456 anni
560 5423 706 5458 nnocxxrx.
722 5416 788 5469 sept.
804 5425 881 5460 xxrn.
897 5413 1049 5460 immunita·

298 5483 338 5520 tes
352 5481 379 5521 et
394 5477 572 5534 exemptiones
587 5480 712 5524 societati
728 5484 787 5526 lesu
809 5492 954 5534 concessae,
965 5481 992 5525 in
1008 5481 1048 5527 da·

298 5555 389 5588 mnnnr
406 5549 531 5590 camerae
547 5547 710 5603 apostoticae
727 5552 864 5594 revocatae
882 5549 953 5593 fuere
968 5561 983 5594 a
998 5549 1050 5594 Cle-

300 5615 387 5656 mente
405 5615 459 5657 Xll.
474 5617 556 5658 const.
572 5613 634 5658 anni
650 5625 795 5658 dcccxxxi.
812 5613 855 5660 ian
870 5626 926 5660 xrrr.
943 5616 1050 5660 Privile-

298 5679 343 5733 gia
356 5689 372 5723 a
383 5679 427 5724 Pio
438 5683 477 5723 lv.
488 5691 610 5725 concessa
623 5681 829 5736 provincialibus
841 5682 979 5727 societatis
991 5687 1049 5728 lesu

300 5743 327 5788 in
349 5745 470 5798 partibus
494 5747 629 5792 indiarum
658 5746 826 5794 confirmavit
852 5749 972 5794 Clemens
996 5752 1047 5794 llll.

299 5813 460 5857 societatini
481 5824 646 5860 dcccxxxiv.
661 5818 725 5870 sept.
750 5827 784 5859 rx.
802 5817 888 5865 Quoad
910 5827 1051 5873 congrega-

301 5879 386 5924 tiones
401 5881 539 5935 generales
553 5881 712 5926 clericorum
728 5882 894 5937 regularium
914 5883 994 5928 huius
1010 5887 1051 5930 So-

299 5946 414 6003 cietatis,
425 5947 555 5992 revocatis
570 5948 802 6004 praedecessorum
818 5949 975 5996 Pontificum
991 5962 1052 5996 non-

1100 4333 1197 4396 deriis
1219 4333 1488 4406 obsecundemus,
1513 4343 1602 4396 motu
1625 4337 1850 4414 propriaeten

1099 4434 1185 4490 certa
1200 4427 1343 4500 scientia,
1361 4428 1466 4504 deque
1481 4429 1669 4505 apostolicae
1686 4431 1851 4507 potestatis

1100 4520 1312 4598 plenitudine,
1330 4521 1476 4582 omnium
1492 4523 1775 4599 praedecessorum
1797 4540 1851 4586 no·

1100 4741 1181 4787 nullis
1196 4743 1349 4799 apostolicis
1363 4743 1459 4797 literis,
1474 4743 1553 4800 plura
1568 4745 1680 4790 sancivit
1697 4746 1853 4793 Benedictus

1100 4811 1145 4854 PP.
1160 4813 1222 4854 xlv.
1239 4814 1322 4856 const.
1337 4809 1400 4854 anni
1416 4821 1558 4856 nnccxnvr.
1574 4805 1627 4857 dee.
1645 4823 1699 4861 xvr.
1714 4813 1803 4863 Quoad
1820 4815 1855 4860 fa-

1099 4876 1228 4922 cultatem
1250 4877 1420 4933 dispensandi
1435 4877 1461 4922 in
1484 4879 1664 4925 matrimoniis
1686 4891 1733 4936 pro
1753 4881 1855 4928 missio·

1101 4945 1185 4988 uariis
1194 4945 1274 4988 buius
1283 4943 1422 4990 Societatis
1432 4944 1458 4989 in
1469 4945 1550 4989 lndiis
1559 4947 1768 4993 occidentalibus
1777 4949 1854 5006 plura

1101 5010 1241 5057 constitnit
1256 5017 1282 5056 et
1297 5012 1442 5058 declaravit
1457 5013 1573 5058 Pontifex
1590 5013 1658 5058 idem
1674 5015 1778 5060 constit.
1790 5017 1854 5062 anni

1102 5079 1303 5124 necomitam.
1324 5091 1388 5124 xvir.
1412 5079 1581 5126 Visitatorem
1604 5083 1630 5126 et
1653 5082 1853 5129 reformatorem

1102 5145 1260 5190 clericorum
1283 5147 1448 5202 regularium
1474 5147 1612 5192 societatis
1636 5151 1693 5193 lesu
1716 5149 1742 5194 in
1765 5151 1854 5208 regnis

1104 5213 1283 5268 Portngalliae
1305 5218 1332 5258 et
1347 5213 1542 5269 algarbiorunr,
1558 5225 1604 5260 nec
1622 5227 1672 5260 non
1690 5215 1715 5260 in
1731 5217 1811 5262 indiis
1826 5222 1855 5263 0-

1103 5279 1260 5326 rienialibus
1276 5285 1302 5325 et
1317 5281 1527 5326 occidentalibus
1551 5281 1607 5338 regi
1624 5281 1779 5330 fidelissimo
1797 5285 1855 5330 snb·

1104 5345 1187 5402 iactis,
1197 5348 1334 5404 deputavit
1346 5347 1462 5402 Pontifex
1478 5349 1521 5394 hic
1534 5352 1617 5395 const.
1631 5353 1693 5396 anni
1709 5363 1854 5400 noccnvrn.

1104 5415 1198 5471 aprilis
1214 5427 1231 5459 r.
1247 5413 1453 5460 Universitatem
1470 5415 1620 5481 studiorum
1637 5418 1663 5463 in
1678 5419 1785 5464 civitate
1795 5422 1855 5464 Leo·

1105 5481 1157 5538 poli
1179 5493 1194 5527 a
1215 5481 1323 5538 regibus
1347 5481 1470 5527 Poloniae
1495 5488 1611 5530 erectam
1636 5485 1685 5530 sub
1709 5485 1855 5530 directione

1106 5547 1243 5593 societatis
1265 5551 1323 5594 lesu
1345 5549 1515 5596 confirmavit
1530 5552 1649 5597 clemens
1665 5555 1729 5596 xlii.
1749 5552 1855 5596 constit.

1105 5615 1168 5660 anni
1184 5627 1307 5661 nnccnrx.
1323 5615 1417 5672 aprilis
1433 5629 1449 5662 r.
1465 5619 1635 5664 Concordiam
1657 5617 1727 5662 inter
1745 5618 1855 5664 clericos

1106 5683 1243 5739 regulares
1258 5683 1339 5728 huius
1355 5684 1493 5730 societatis
1508 5695 1555 5741 pro
1565 5684 1675 5740 collegio
1685 5685 1802 5732 civitatis
1813 5689 1856 5732 Po·

1106 5749 1161 5794 lokl
1177 5753 1203 5794 et
1221 5749 1452 5808 arcnieptscopum
1473 5750 1541 5794 ritus
1556 5751 1646 5796 Graeci
1670 5752 1855 5798 ltntlrenornnr

1106 5817 1223 5862 eiusdem
1245 5817 1363 5862 civitatis
1383 5817 1539 5874 approbavit
1556 5818 1672 5865 Pontifex
1689 5820 1757 5865 idern
1773 5825 1855 5866 const.

1107 5885 1169 5930 anni
1186 5895 1321 5930 nocccxn.
1337 5884 1404 5929 iunii
1420 5895 1455 5929 xr.
