4814 6992
329 570 380 626 An.
394 569 422 628 C.
437 569 505 626 1675
561 572 600 636 56

582 707 710 786 coiieqio
748 705 936 770 dorononico
972 713 1002 768 ot
1037 705 1223 787 Hronpurico
1256 706 1292 768 de

588 799 664 864 Urbe
685 817 904 863 concessorum
925 817 999 863 cont
1018 799 1232 882 prohibitione
1253 801 1292 864 Ε-

583 897 708 978 piscopo
738 895 880 958 Londcn.
908 912 948 956 ne
975 894 1010 956 in
1038 895 1168 958 ecclesio
1198 912 1291 975 poro-

585 989 683 1052 cbioli
714 998 743 1051 et
773 989 967 1052 noonosterio
995 987 1025 1050 S.
1054 987 1143 1050 Petri
1168 989 1290 1052 Londi-

585 1084 698 1146 oeteris
730 1083 860 1147 Ordinis
892 1082 923 1144 S.
956 1082 1135 1151 Benedicti,
1167 1083 1292 1160 eiusque

585 1179 723 1240 onnenis
745 1183 773 1240 et
802 1173 1058 1258 dependentibus,
1083 1173 1157 1238 olion
1183 1177 1292 1256 pleno-

582 1273 630 1334 333
657 1273 742 1333 unit.
773 1271 871 1332 eidem
899 1269 1046 1350 coiiepio,
1076 1270 1178 1332 ottoni
1208 1277 1291 1351 pote-

581 1372 695 1430 333333
718 1369 775 1428 ont
796 1363 1051 1426 iurisdictionem
1074 1368 1139 1426 ton
1162 1363 1291 1426 ordinu-

582 1461 667 1522 rion
690 1475 784 1538 qnam
810 1457 987 1537 delcpntono
1015 1462 1293 1535 educendosque

583 1553 624 1616 od
646 1549 876 1632 beneplacitum
899 1548 930 1612 S.
950 1548 1048 1618 Sedis,
1066 1550 1292 1612 3333133333-

584 1647 675 1708 terint
703 1643 926 1707 iurisdictione
956 1642 1138 1704 bninsntodi
1165 1643 1200 1704 in
1232 1641 1293 1704 Me-

584 1739 814 1820 tropolitonnnt
837 1735 1093 1800 Mediolanensis.

753 1907 939 1976 crinitis
964 1907 1024 1974 ΡΡ.
1050 1907 1084 1972 ll.

685 2034 721 2100 ad
743 2034 874 2100 lutosam
901 2033 944 2098 rei
967 2029 1150 2098 nemoriani.

310 2217 524 2313 ffissggfgflffjeg
584 2213 813 2290 Exposuerunt
837 2209 928 2271 nobis
957 2225 1061 2288 nuper
1090 2205 1292 2270 venerabiles

310 2324 343 2384 33
360 2321 441 2366 vanui
457 2327 525 2365 voce·
543 2307 657 2369 tratres
680 2304 781 2366 nostri
806 2302 837 2365 8.
855 2303 890 2365 ll.
908 2302 1144 2364 incardinetis
1164 2301 1291 2378 collegii

309 2376 525 2473 {J'Zp‘lssdt'ts'pffffl
542 2399 722 2463 Germanici
751 2405 783 2460 ct
811 2396 983 2476 Hungarici
1009 2395 1048 2457 de
1077 2393 1157 2458 urbe
1189 2403 1292 2473 prote-

309 2481 524 2590 ‘Jffl'pssffss‘fflss
543 2501 658 2566 oteres,
683 2493 779 2569 quod,
804 2491 879 2552 licet
900 2490 1022 2552 dudum
1049 2489 1102 2551 iel.
1127 2505 1190 2550 rec.
1215 2487 1290 2550 Gre-

309 2589 420 2634 manico.
544 2587 653 2665 gorius
665 2587 745 2662 Papa
757 2583 835 2646 lilll.
850 2583 1077 2661 praedecessor
1089 2591 1210 2650 noster,
1225 2597 1291 2644 mo·

542 2680 718 2742 naslerium
743 2677 774 2739 S.
799 2677 885 2738 Petri
907 2675 1005 2738 Laudi
1027 2681 1147 2738 veteris
1165 2674 1291 2738 Ordinis

543 2770 1291 2846 S.BeuedictiLauden.dioec.,quodconventu

541 2867 683 2944 regulari
705 2865 842 2936 carebat,
860 2873 892 2926 33
912 2863 945 2924 in
968 2861 1291 2941 333333333311133-

542 2961 626 3022 rium
654 2965 860 3036 perpetuum,
890 2957 944 3032 qui
974 2971 1083 3017 curam
1111 2954 1289 3017 animarum

541 3051 809 3133 parochianorum
820 3049 906 3112 illius
917 3049 1081 3121 ecclesiae,
1098 3064 1179 3126 quae
1195 3049 1287 3110 etiarn

541 3146 730 3226 parochialis
759 3152 838 3215 erat,
868 3145 1050 3216 exercebat,
1074 3143 1125 3206 alii
1148 3144 1211 3206 duo
1238 3145 1289 3206 vel

543 3249 606 3304 tres
618 3240 799 3303 servientes
811 3237 993 3317 presbyteri
1005 3238 1184 3300 saeculares
1200 3238 1291 3300 durn-

542 3341 643 3405 taxat,
677 3333 764 3411 iique
795 3333 831 3394 ed
864 3341 977 3394 nutam
1012 3330 1219 3402 arabathites,
1253 3332 1289 3392 ad

541 3427 730 3490 celebranda
762 3426 805 3488 ibi
838 3424 945 3487 diviua
977 3424 1077 3486 officia
1109 3423 1292 3487 residebant

541 3523 686 3603 (nomine
719 3527 842 3582 tantum
876 3526 908 3582 et
939 3519 1200 3581 denominatione
1229 3519 1290 3581 llb-

543 3614 622 3678 batis
643 3631 677 3676 33
699 3613 854 3690 dignitate
881 3611 1037 3680 abbatiali,
1061 3627 1206 3675 necnon
1236 3612 1291 3675 03-

542 3709 616 3770 dine
644 3725 678 3770 ac
710 3705 795 3768 omni
829 3712 912 3768 33333
943 3712 975 3767 33
1001 3705 1136 3768 essentia
1166 3707 1291 3783 regula-

542 3802 651 3872 ribus,
686 3799 874 3863 auctoritate
907 3799 1098 3876 apostolica,
1134 3805 1292 3877 perpetuo

541 3895 720 3974 suppressis
743 3900 775 3956 et
795 3892 958 3970 extinctis)
979 3908 1052 3954 cum
1075 3892 1217 3964 ecclesia,
1241 3910 1291 3955 ae·

542 3989 646 4058 dibus,
670 3984 832 4055 aediliciis,
858 3983 1116 4062 proprietatibus,
1143 3985 1290 4064 praediis,

543 4079 809 4160 possessionibus,
826 4077 929 4149 bonis,
947 4077 1083 4148 turibus,
1101 4079 1292 4142 iurisdictio·

542 4174 637 4236 uibus
653 4180 685 4235 et
700 4172 888 4240 actionibus,
906 4187 940 4232 33
955 4170 1002 4232 1111
1017 4171 1150 4233 annexis
1162 4171 1292 4248 quibus-

324 4279 351 4318 111
362 4275 471 4319 ccclesia
482 4285 523 4331 33-
543 4283 682 4345 cumque
695 4267 724 4330 d.
742 4265 888 4342 Collegio
903 4265 1013 4327 eadem
1030 4267 1217 4328 auctoritate
1232 4269 1292 4329 sub

311 4329 421 4427 b‘t'ics'r't'sssbi
436 4329 524 4428 (1131ῗέ
544 4361 638 4422 certis
662 4359 756 4422 modo
778 4368 811 4420 et
831 4358 933 4422 lorma
950 4365 1025 4420 tuno
1040 4359 1212 4436 expressis,
1233 4361 1292 4422 eis*-

310 4436 434 4480 vicariam

309 4493 424 4545 perusin.
469 4448 524 4493 ΡΗ·
544 4454 617 4516 dem
639 4457 796 4530 perpetuo
817 4451 971 4522 univerit,
988 4452 1181 4513 annexuerit
1201 4459 1233 4514 33
1246 4452 1292 4514 13-

543 4545 772 4625 corporaverit,
797 4552 1051 4624 perpetuamque
1067 4545 1099 4606 in
1115 4545 1225 4607 eadem
1243 4562 1292 4607 ec-

543 4639 638 4702 clesia
652 4639 801 4702 vicariam
818 4654 889 4699 cum
908 4637 982 4700 dote
998 4653 1141 4714 congrua
1158 4651 1215 4715 pro
1227 4655 1292 4700 unc

543 4731 661 4796 vicario
690 4739 857 4810 perpetuo,
890 4731 944 4809 qui
972 4746 1082 4792 curam
1112 4732 1291 4794 animarum

543 4827 595 4889 dd.
630 4825 897 4904 parochianorum
930 4833 1120 4895 exerceret,
1151 4825 1293 4888 erexerit

543 4928 575 4982 et
596 4919 784 4982 instituerit.

323 5023 461 5102 33333330
475 5023 524 5068 001-
583 5015 602 5090 5
625 5013 652 5074 l.
670 5012 709 5074 Et
724 5012 871 5084 subinde,
887 5020 1051 5090 postquam
1070 5020 1133 5075 tam
1149 5029 1213 5075 rec.
1228 5029 1289 5075 me.

309 5079 372 5133 ΙΨ
391 5081 477 5122 ⁶³¹¹¹''
541 5105 640 5169 lulius
655 5107 733 5184 Papa
744 5106 808 5177 lll.,
821 5106 916 5168 etiam
930 5106 1156 5184 praedecessor
1168 5105 1289 5178 noster,

325 5223 350 5264 o.
366 5223 441 5318 ‹ai-ep.
458 5223 523 5265 333.
544 5217 639 5280 quaxn
661 5201 841 5281 praedictus
860 5201 1036 5278 Gregorius
1052 5203 1290 5280 praedecessor,

310 5273 525 5384 figliflfflffisffi‘ss
544 5295 717 5373 collegium
740 5295 938 5374 praedictum
960 5311 994 5356 ac
1015 5295 1101 5356 illius
1130 5295 1293 5358 scholares

311 5382 524 5426 neruineteouo-
545 5395 578 5452 et
598 5389 774 5460 ministros,
793 5404 851 5467 pro
875 5394 1020 5467 tempore
1036 5389 1223 5461 existentes,
1241 5405 1293 5452 eo-

311 5445 370 5531 {33¹³
384 5439 525 5551 33311ῗᾶ11
544 5497 684 5560 rumque
713 5485 794 5544 bona
822 5483 855 5543 in
877 5483 907 5545 d.
932 5482 1012 5544 urbe
1035 5482 1087 5544 vel
1110 5490 1199 5544 extre
1222 5499 1291 5544 eam

310 5552 369 5584 curn
391 5541 524 5586 facultati·
591 5576 596 5588 .
1004 5577 1009 5586 .
1103 5577 1108 5586 .
1285 5577 1290 5588 .

312 5594 372 5648 333,
396 5603 475 5650 proin.
498 5596 522 5638 sn
543 5576 740 5654 ubicumque
756 5577 901 5639 locorum
924 5584 1129 5639 consistentia
1148 5577 1185 5638 ab
1204 5591 1292 5640 omni

312 5647 383 5692 ¹'¹¹¹'''·
542 5669 764 5733 iurisdictione
793 5675 826 5731 et
852 5671 1064 5742 correctione,
1096 5671 1289 5744 visitatione,

543 5764 697 5836 dominio,
721 5763 946 5842 superioritate
969 5773 1001 5826 et
1031 5771 1185 5842 potestate
1214 5780 1292 5843 quo·

542 5873 759 5935 rumcumque
795 5857 937 5920 iudicum
974 5864 1006 5920 et
1042 5857 1224 5920 officialium
1259 5861 1291 5920 in

543 5951 608 6030 ipsa
625 5951 708 6014 urbe
725 5951 779 6014 rel
797 5951 872 6014 olias
890 5951 1027 6014 ubilibet
1041 5952 1292 6015 constitutorum

1064 590 1128 634 11111.
1155 589 1243 634 ΡΟΝΤ.
1270 589 1308 634 DE
1331 589 1360 632 P.
1386 589 1414 632 Β.
1439 587 1522 634 PARS
1544 590 1564 634 Ι.

2135 569 2184 626 ln.
2198 569 2226 625 G.
2242 565 2323 623 1675

1350 723 1482 784 prorsus
1504 706 1633 778 liberos,
1664 707 1826 792 immunes
1854 714 1887 769 et
1914 713 2093 783 exemptos,

1349 819 1383 864 ac
1405 801 1515 872 libera,
1539 800 1694 862 immunia
1717 807 1750 862 et
1777 808 1926 878 exempta
1955 799 2097 864 lucerent

1349 901 1382 957 et
1403 896 1646 964 constituerant,
1675 911 1801 956 necnon
1829 911 1883 958 eos
1913 901 1945 956 et
1973 912 2007 956 ea
2036 895 2096 956 sub

1349 990 1436 1052 Beati
1464 989 1549 1050 Petri
1580 997 1612 1052 33
1641 987 1731 1051 Sedis
1764 989 1962 1066 Apostolicee
1991 996 2096 1066 prole-

1349 1084 1454 1145 ctione
1475 1090 1701 1161 susceperant;
1724 1083 1892 1158 dictusque
1920 1081 2096 1159 Gregorius

1349 1179 1575 1256 praedecessor
1597 1177 1770 1238 nonnullos
1785 1177 1817 1238 in
1835 1177 1982 1240 numanis
2001 1193 2097 1253 agen-

1350 1279 1396 1334 tes
1419 1271 1563 1333 eiusdem
1588 1271 1618 1334 S.
1637 1271 1671 1332 R.
1689 1271 1725 1332 li.
1743 1269 1925 1332 Cardinales
1941 1269 2016 1331 dicti
2035 1270 2097 1332 col-

1349 1365 1426 1442 legii
1462 1365 1596 1442 eiusque
1632 1363 1848 1441 collegialium
1886 1381 1919 1425 ac
1949 1379 2097 1440 persona-

1350 1475 1422 1520 rum
1446 1466 1477 1521 et
1498 1459 1658 1520 bonorum
1682 1471 1964 1534 quorumcumque
1991 1457 2098 1518 Prote-

1349 1552 1685 1614 333333333331333333
1713 1559 1745 1612 33
1772 1551 1992 1628 deputaverat.
2023 1549 2098 1612 illis-

1350 1659 1413 1722 que
1435 1661 1547 1708 omnes
1571 1652 1602 1708 et
1623 1644 1766 1721 singulas
1793 1660 1899 1706 333333
1928 1642 2038 1706 civiles
2067 1649 2100 1704 et

1350 1739 1544 1808 criminales,
1568 1753 1670 1800 meras
1694 1745 1726 1798 33
1747 1738 1860 1799 mixtas
1882 1736 1957 1798 dicti
1971 1736 2099 1812 collegii

1350 1832 1503 1908 illiusque
1525 1831 1754 1908 collegialium,
1771 1831 1980 1902 scholarium,
1998 1837 2099 1891 recto-

1350 1941 1423 1988 rum
1445 1925 1649 2002 aliorumque
1679 1925 1903 1986 ministrorum
1926 1932 1958 1985 et
1986 1923 2099 1986 3111333-

1350 2018 1441 2091 lium,
1461 2035 1517 2098 pro
1540 2026 1687 2095 tempore
1709 2018 1929 2088 existentium,
1946 2018 1979 2078 in
2001 2017 2099 2079 rebus

1350 2121 1382 2175 33
1404 2113 1496 2174 133313
1518 2111 1691 2187 collegium
1713 2111 1944 2188 supradictum,
1964 2127 1998 2172 33
2012 2111 2099 2174 111133

1350 2223 1413 2277 333,
1437 2205 1506 2268 iura
1529 2211 1562 2267 et
1582 2204 1733 2274 actiones,
1757 2219 1791 2265 ac
1807 2204 1887 2290 bqua
1903 2220 2096 2266 concernen.

1351 2307 1413 2361 tam
1435 2299 1537 2362 active
1559 2312 1654 2374 quaxn
1677 2297 1813 2374 passive,
1831 2313 1888 2374 per
1910 2297 2032 2376 seipsos
2047 2305 2100 2359 333

1349 2393 1446 2455 alium
1470 2409 1527 2454 seu
1546 2391 1635 2462 alios,
1653 2391 1707 2467 qui
1724 2391 1770 2452 eis
1785 2391 1986 2462 viderentur,
2004 2391 2097 2452 etiam

1350 2503 1446 2548 manu
1476 2485 1562 2562 regia
1592 2500 1626 2545 ac
1648 2483 1736 2545 omni
1765 2493 1798 2545 33
1823 2499 2026 2562 quacumque
2048 2501 2099 2563 ap·

1349 2579 1521 2658 pellationc
1543 2585 1668 2640 remota
1689 2577 1851 2650 audiendi,
1871 2579 2096 2655 cognoscendi,

1349 2673 1527 2745 decidendi,
1540 2673 1676 2748 sineque
1695 2671 1803 2734 debito
1823 2671 2016 2734 terminandi
2027 2673 2099 2734 alia-

1348 2785 1411 2847 que
1433 2768 1568 2832 lactendi
1591 2773 1623 2827 et
1645 2765 1826 2841 exequendi
1849 2765 1983 2828 liberam
2003 2765 2097 2830 lacul-
2146 2769 2152 2776 ‘'

1348 2871 1445 2926 tatem
1468 2867 1687 2925 concesserat:

1387 2959 1406 3032 ἓ
1427 2957 1456 3019 2.
1472 2956 1543 3017 Piae
1558 2971 1622 3016 me.
1639 2953 1791 3015 Clemens
1807 2953 1885 3030 Papa
1901 2952 1992 3026 1111,
2011 2971 2099 3032 prae·
2145 2957 2296 3034 33331131131
2305 2957 2341 3052 ffl-
2403 2959 2404 2962 ’

1348 3051 1497 3112 decessor
1520 3047 1696 3118 rossenac
1720 3046 1894 3108 tollendam
1911 3055 1986 3109 tuuc
2006 3064 2098 3109 excr·
2118 3019 2344 3136 {bi'ffi'fflblssiiss

1349 3152 1411 3206 3333
1434 3143 1592 3220 quandam
1616 3141 1826 3212 dubietatem.
1852 3147 1942 3203 motu
1968 3142 2098 3220 proprio
2120 3123 2181 3163 ⁸¹¹¹·

1348 3254 1382 3299 ac
1404 3254 1444 3300 ex
1465 3242 1551 3299 certo
1572 3235 1704 3298 scientia
1725 3241 1821 3312 atque
1836 3235 2025 3314 apostolicae
2045 3253 2099 3313 po·

1349 3332 1470 3394 testatis
1493 3329 1692 3408 plenitudine
1715 3330 1864 3391 statuerit
1886 3337 1918 3392 33
1933 3330 2100 3393 ordinave-

1349 3426 1401 3497 rit,
1418 3435 1451 3486 et
1471 3426 1513 3486 ite
1535 3423 1631 3486 etiam
1654 3423 1891 3500 praedictorum
1916 3424 2099 3500 praedeces·
2161 3444 2166 3454 ·

1348 3534 1459 3582 sorum
1482 3525 1625 3580 mentem
1649 3523 1682 3578 ct
1702 3517 1917 3579 intentionem
1934 3517 2031 3580 luisse
2046 3519 2099 3580 de·

1348 3612 1528 3683 clararerit,
1543 3610 1629 3688 quod
1640 3619 1768 3688 praeter
1780 3611 1959 3688 praedictos
1971 3611 2098 3688 collegii

1348 3704 1528 3770 Germanici
1550 3711 1583 3766 et
1603 3703 1778 3780 Hungarici
1794 3703 1979 3766 huiusmodi
1995 3709 2099 3781 prote·

1348 3807 1452 3861 ctores
1474 3797 1582 3860 nullus
1604 3795 1684 3859 alius
1706 3797 1803 3858 iudex
1826 3812 2029 3874 3333333333
2047 3814 2099 3860 33-

1348 3894 1506 3964 ctoritate,
1530 3890 1703 3971 privilegio
1719 3899 1751 3952 et
1772 3890 1920 3953 lacultate
1943 3891 2097 3963 munitus,

1349 3994 1411 4048 tam
1440 3986 1690 4056 ecclesiasticae,
1722 3999 1816 4062 qnam
1847 3985 2035 4056 saecularis,
2065 4003 2099 4048 ac

1350 4089 1412 4142 tam
1435 4080 1627 4151 ordinarius,
1651 4093 1746 4156 quam
1769 4079 1948 4155 delegatus,
1980 4085 2043 4140 tam
2065 4080 2099 4140 in

1350 4176 1430 4237 dicta
1453 4174 1544 4246 urbe,
1562 4187 1657 4250 quam
1680 4179 1769 4234 extra
1791 4172 1923 4244 camin
1945 4173 2046 4245 causis
2068 4181 2100 4234 et

1350 4268 1487 4346 negotiis
1500 4268 1535 4329 ad
1549 4266 1723 4343 collegium
1737 4267 1934 4344 praedictum
1946 4266 2100 4344 illiusque

1350 4379 1512 4441 personas,
1527 4377 1577 4422 res
1590 4369 1622 4422 33
1636 4359 1717 4422 bone
1728 4376 1763 4422 oc
1775 4359 1844 4422 iura
1856 4361 2100 4437 quomodolibet

1350 4473 1389 4518 ex
1412 4455 1526 4533 quovis
1541 4454 1642 4531 capite
1657 4453 1875 4531 spectantibus
1891 4462 1923 4516 et
1937 4455 2100 4532 pertinen-

1351 4550 1445 4620 tibus,
1461 4561 1521 4610 tam
1535 4546 1765 4626 praesentibus,
1780 4563 1874 4623 quam
1888 4547 2017 4620 tuturis,
2031 4547 2100 4610 sive

1349 4643 1462 4714 active,
1487 4642 1556 4702 sivo
1578 4641 1713 4718 passive,
1738 4645 1801 4702 3333
1824 4641 1856 4702 in
1872 4641 1984 4718 prima,
2003 4657 2098 4717 quam

1350 4737 1382 4798 in
1404 4733 1541 4798 secunda
1564 4741 1596 4796 33
1618 4733 1766 4796 ulteriori
1796 4735 1944 4796 instantia
1966 4749 2100 4810 quomo-

1350 4831 1471 4893 dolibet
1492 4843 1646 4890 exercere
1661 4826 1800 4904 valeret;
1817 4828 1874 4890 sed
1889 4827 1975 4904 quod
1996 4829 2099 4890 omnis

1327 4921 1527 4994 ‚iurisdictio
1550 4927 1582 4980 33
1603 4919 1812 4996 333331331333
1834 4920 1866 4980 13
1890 4919 2040 4981 omnibus
2068 4927 2101 4980 33

1348 5015 1484 5096 singulis
1507 5013 1608 5076 causis
1623 5013 1822 5091 supradictis,
1840 5031 1874 5075 ac
1893 5013 2099 5090 quibuscum·

1350 5123 1413 5185 que
1435 5107 1503 5170 aliis
1525 5107 1673 5169 civilibus
1696 5112 1728 5168 et
1748 5105 1979 5178 criminalibus,
2002 5107 2099 5168 meris

1350 5209 1383 5264 et
1397 5201 1516 5272 mixtis,
1533 5201 1637 5279 ipsum
1661 5201 1834 5278 collegium
1851 5217 1885 5264 ac
1900 5201 1986 5264 illius
2009 5201 2099 5262 sclic-

1350 5297 1450 5368 lares,
1482 5295 1661 5367 ministros,
1691 5295 1839 5365 officiales
1868 5304 1900 5358 ct
1928 5311 2097 5374 personas,

1350 5405 1529 5468 eorumque
1551 5389 1644 5460 bone,
1662 5405 1712 5452 res
1729 5397 1761 5452 et
1775 5390 1844 5452 iura
1863 5403 2097 5468 quaecumque,

1349 5489 1404 5546 aut
1418 5483 1491 5546 alias
1506 5483 1750 5560 quomodolibet
1764 5483 2043 5556 concernentibus,
2061 5483 2097 5545 ad

1350 5577 1524 5654 praedictos
1544 5583 1576 5638 ct
1591 5591 1648 5654 pro
1665 5583 1810 5655 tempore
1827 5579 2000 5640 existentes
2016 5577 2099 5640 cius·

1350 5671 1423 5732 dem
1445 5669 1572 5747 collegii
1595 5677 1805 5748 protectores,
1833 5671 1886 5734 vel
1914 5673 2098 5734 33333313-

1350 5765 1453 5826 dicem
1485 5781 1542 5826 333
1574 5763 1706 5837 iudices,
1741 5764 1929 5841 deputatum
1958 5783 2015 5828 seu
2046 5767 2099 5828 de-

1350 5864 1486 5937 putatos,
1511 5858 1563 5921 vel
1579 5859 1797 5936 deputandum
1813 5874 1870 5920 333
1887 5859 2096 5937 deputandos,

1351 5951 1448 6030 pleno
1477 5951 1549 6014 iure
1578 5959 1610 6014 33
1638 5952 1670 6015 13
1699 5967 1902 6030 quacumque
1929 5952 2096 6024 instantia,
