4836 7002
307 589 360 644 An.
373 587 401 644 c.
417 589 486 645 tlte
541 587 602 650 208

522 721 622 782 ritatis
646 721 760 796 pignus
776 719 978 796 apostolicam
997 719 1266 786 benedictionem,

522 828 582 889 qua
606 812 697 874 vobis
718 812 867 874 coelestis
890 813 1009 889 gratiae
1030 813 1267 898 incrementum

521 923 593 966 cum
623 906 811 967 christianae
841 906 923 984 pacis
945 913 978 968 et
998 905 1185 968 concordiae
1207 905 1267 983 spi-

522 999 584 1060 ritu
609 1014 786 1077 precamur,
812 997 912 1070 vobis,
932 999 1037 1060 dilecti
1054 998 1121 1070 iilii,
1139 999 1268 1060 unirer·

521 1093 628 1169 sisque
650 1091 777 1153 lainiliis
799 1093 915 1154 vestris
934 1101 1135 1170 peramanter
1151 1093 1269 1170 imper·

523 1187 631 1247 timur.
1030 1249 1037 1267 ,

564 1279 674 1340 [tatum
697 1279 825 1350 Romae,
856 1282 937 1359 apud
969 1279 999 1342 S.
1026 1281 1153 1342 blaciam
1177 1277 1284 1341 llaio'

523 1387 603 1441 rem,
617 1371 677 1432 sub
692 1372 811 1434 annulo
827 1373 1003 1443 Piscatoris,
1018 1373 1069 1436 die
1086 1390 1178 1434 xxxxi.
1198 1371 1269 1434 maii

523 1480 723 1532 uncuxmxxt..
747 1466 947 1543 pontificatus
970 1467 1074 1542 nostri
1093 1482 1177 1528 anno
1193 1482 1235 1526 rr.

776 1665 1022 1674 μοι-.-

872 1842 922 1906 tv.

524 2029 637 2095 Albuti
660 2031 690 2094 S.
718 2031 803 2094 culti
823 2029 1008 2112 respondet,
1032 2031 1271 2093 couventionem

562 2125 771 2206 interipsum
796 2131 825 2188 et
857 2125 1044 2206 Episcopum
1072 2123 1271 2188 Constuticu-

562 2236 626 2282 sem
648 2237 668 2282 u
690 2219 765 2282 Sede
781 2219 961 2299 Apostolicu
975 2218 1199 2298 coufirmutum
1214 2218 1271 2280 iut-

561 2311 682 2390 pcdire,
707 2312 876 2391 quominus
906 2311 990 2391 ipse,
1013 2311 1125 2374 sultsru
1157 2309 1272 2390 ubsque

562 2421 716 2468 couseusu
743 2405 881 2466 eiusdem
911 2403 1070 2485 Episcopi,
1098 2405 1272 2485 impetrare

562 2498 659 2564 cassu
678 2497 868 2576 fucultatem
889 2498 1143 2562 udutiuistruudi
1162 2514 1271 2562 sucru-

561 2597 703 2652 meutum
718 2590 979 2672 declamationis
993 2597 1023 2653 et
1037 2594 1182 2656 ecclesius
1198 2611 1270 2656 rou·

562 2686 729 2758 sacrandu-
749 2703 814 2748 uou
835 2685 1026 2765 defuturum
1041 2691 1147 2750 tumeat
1164 2687 1271 2749 Pouti·

563 2779 677 2860 tipicem
705 2779 745 2840 iis
766 2796 845 2858 quae
867 2781 1054 2844 animorum
1076 2782 1203 2866 utilitas
1224 2798 1271 2843 re-

564 2873 703 2954 quirat(
725 2874 747 2954 ).

544 3060 663 3127 citeoto
686 3059 749 3127 lilio
779 3059 881 3127 Bedae
905 3061 1010 3128 dbbati
1033 3059 1140 3128 Sancti
1162 3059 1251 3139 calli,

712 3246 899 3314 caeneus
922 3248 983 3314 ΡΡ.
1008 3247 1081 3314 lllll.

801 3436 918 3503 Dileole
941 3437 994 3517 titt,

558 3531 686 3600 salutem
709 3537 741 3597 et
763 3531 962 3613 apostoticam
986 3531 1237 3599 benedictionem.

563 3725 582 3799 ἓ
605 3724 632 3784 l.
655 3723 858 3786 cratissimae
872 3729 948 3784 sunt
963 3722 1065 3793 nobis,
1084 3721 1198 3784 dilecte
1215 3723 1270 3794 tili,

524 3817 777 3894 opportunitates
801 3832 924 3888 omnes,
948 3816 1063 3893 quibus
1086 3816 1141 3878 tibi
1168 3818 1272 3894 reipsa

523 3909 624 3988 palam
647 3909 752 3971 lacere
775 3910 939 3987 possimus.
958 3913 1155 3987 quantopere
1176 3917 1206 3972 te
1228 3910 1272 3972 di-

524 4003 661 4082 ligamus
684 4003 859 4080 quantique
893 4011 922 4065 te
945 4003 1094 4066 iaciamus
1117 4005 1157 4065 ob
1180 4021 1272 4082 egre-

524 4097 605 4174 giam
632 4103 717 4158 tuam
741 4097 771 4158 in
788 4097 959 4174 apostolico
976 4111 1112 4160 munere
1128 4099 1272 4174 gerendo

524 4198 557 4253 et
578 4190 687 4268 gregis
711 4191 756 4252 tui
779 4189 998 4252 incolumitate
1028 4191 1141 4254 sedulo
1164 4210 1197 4254 ac
1220 4209 1272 4254 na-

524 4284 609 4346 viter
630 4285 767 4346 curanda
783 4299 911 4360 operam
928 4299 1000 4345 cum
1016 4285 1138 4347 assidua
1160 4303 1195 4349 ac
1209 4287 1272 4349 sin·

525 4378 626 4456 gulari
643 4377 675 4440 in
690 4394 748 4439 nos
763 4393 798 4439 ac
813 4376 844 4439 S.
863 4377 942 4438 banc
963 4375 1077 4438 Sedem
1101 4379 1273 4441 observan-

526 4473 565 4534 tia
594 4473 807 4534 coniunctam.
840 4469 1010 4548 Propterea
1042 4473 1273 4548 postulationes

526 4574 580 4628 tuo
603 4566 734 4628 nomine
757 4566 792 4628 ad
816 4581 872 4626 nos
888 4579 992 4642 nuper
1008 4563 1138 4638 delatas,
1156 4567 1273 4643 quibus

524 4661 711 4722 sacramenti
742 4659 1001 4722 Confirmationis
1033 4659 1220 4723 conterendi
1242 4670 1274 4724 et

525 4753 673 4814 ecelesias
702 4753 733 4814 in
764 4759 815 4814 tua
844 4752 980 4815 dioecesi
1003 4755 1210 4816 consecrandi
1232 4755 1273 4818 la-

525 4847 674 4908 cultatem
697 4846 753 4908 tibi
768 4847 898 4908 concedi
915 4845 1045 4922 llagitas,
1060 4846 1273 4910 libentissimo

525 4939 631 5002 animo
654 4939 838 5017 excepimus
856 4939 976 5015 tibique
989 4939 1186 5016 gratificandi
1203 4957 1273 5018 pro·

526 5033 727 5112 pensissimo.
751 5031 859 5108 ltaque
881 5048 952 5094 cum
977 5033 1022 5094 rei
1046 5031 1144 5098 totius
1166 5036 1274 5111 cogni-

526 5128 644 5190 tionem
668 5126 840 5195 adiremus,
862 5138 1058 5202 magnopere
1081 5127 1272 5204 optavimus,

526 5225 561 5280 ut
582 5219 721 5280 rationes
743 5233 962 5294 omnesquae
984 5235 999 5278 a
1022 5218 1113 5281 nobis
1136 5221 1274 5298 expendi

525 5311 702 5390 oportebat,
726 5318 758 5372 et
780 5313 966 5388 praesertim
989 5311 1167 5374 animarum
1190 5313 1275 5376 utili-

526 5403 595 5466 tatis
624 5411 656 5466 et
684 5403 864 5466 communis
897 5405 1134 5481 tranquillitatis
1164 5423 1275 5468 causae

524 5505 637 5560 nostro
659 5498 732 5560 buic
753 5497 913 5560 desiderio
932 5497 1013 5559 acin
1030 5506 1059 5559 te
1078 5499 1183 5562 studio
1201 5515 1275 5562 con-

524 5593 694 5654 sentirent.

565 5687 640 5763 §2
664 5684 797 5758 Verum,
825 5700 890 5764 quo
916 5685 1049 5747 alacrior
1077 5691 1144 5746 erat
1168 5685 1275 5747 buius·

527 5781 613 5844 modi
636 5786 740 5842 nostra
762 5778 794 5840 in
818 5785 849 5840 te
872 5779 1032 5850 voluntas,
1050 5795 1088 5841 eo
1108 5779 1276 5841 molestius

568 5993 597 6048 (t)
614 5995 649 6036 Ex
665 5994 755 6038 eodem
770 5996 832 6050 itaq.
849 5995 908 6038 vat.

1044 603 1107 646 ttttt.
1133 601 1224 646 ΡθΝΤ.
1250 601 1289 646 DE
1311 601 1341 646 P.
1366 601 1395 647 E.
1420 605 1503 650 PARS
1526 607 1546 650 l.

1327 721 1477 792 tulimus,
1501 739 1573 784 cum
1597 723 1770 795 tisianus,
1795 724 1912 800 quibus
1934 723 2074 784 adiuvari

1327 817 1514 893 putabamus
1537 817 1618 878 banc
1640 817 1694 878 tibi
1722 817 1932 879 satislaciendi
1957 816 2076 894 cupidi·

1327 915 1435 980 tatem,
1448 909 1603 972 retardari
1619 911 1764 972 eamdem
1780 928 1815 974 ac
1830 911 1978 989 impediri
1992 926 2077 973 com-

1326 1002 1517 1080 periremus.
1550 1003 1755 1066 concordatis
1778 1006 1863 1066 enim
1894 1005 1969 1082 ipsis
1992 1004 2076 1066 inter

1327 1095 1480 1159 abbatem
1505 1096 1536 1160 S.
1553 1097 1633 1159 Galli
1655 1103 1687 1158 et
1709 1097 1899 1176 Episcopum
1923 1095 2077 1159 constan-

1327 1190 1463 1253 tiensem
1486 1192 1650 1253 communi
1666 1192 1879 1254 consensione
1894 1192 2076 1254 constitutis

1326 1291 1359 1344 et
1380 1283 1417 1344 ab
1440 1284 1618 1362 apostolica
1635 1283 1717 1347 Sede
1732 1285 1928 1348 confirmatis
1949 1301 2077 1348 conces-

1326 1377 1450 1439 sionem
1474 1395 1598 1450 eorum,
1617 1393 1697 1455 quae
1713 1397 1728 1440 a
1745 1379 1836 1441 nobis
1858 1379 2009 1457 postulas,
2024 1393 2077 1456 op-

1328 1473 1400 1548 poni
1417 1481 1511 1549 atque
1526 1473 1687 1534 adversari
1704 1473 1836 1536 omnino
1851 1473 2075 1549 cognovimus,

1328 1580 1433 1642 neque
1455 1581 1471 1625 a
1493 1567 1585 1629 nobis
1608 1565 1770 1643 quidpiam
1794 1564 2077 1628 immutariinillis

1328 1673 1430 1736 posse,
1445 1659 1522 1736 quin
1545 1676 1659 1722 omnes
1674 1659 1761 1722 illius
1777 1659 1873 1720 initae
1888 1659 2077 1720 concordiae

1327 1752 1525 1814 conditiones
1548 1752 1767 1831 iniringantur
1782 1770 1816 1814 ac
1832 1752 2074 1831 perturbentur,

1328 1853 1359 1906 et
1382 1845 1559 1922 pontificiae
1580 1845 1816 1923 approbationis
1838 1847 1886 1905 vis
1908 1854 2003 1922 atque
2024 1861 2077 1906 au·

1327 1938 1455 2001 ctoritas
1470 1954 1532 2000 una
1549 1939 1690 2001 tollatur.
1715 1939 1838 2001 Postea
1854 1945 1941 2017 pacta
1957 1945 1988 2002 et
2003 1954 2076 2000 con·

1328 2037 1422 2093 venta
1454 2033 1538 2094 inter
1564 2047 1621 2094 vos
1653 2033 1781 2104 sancita,
1806 2033 1832 2093 si
1854 2047 1935 2108 quae
1961 2032 2077 2094 deinde

1327 2125 1594 2189 commutationes
1616 2134 1724 2188 essent
1740 2131 1941 2196 consecutae.
1959 2141 2017 2204 pro
2033 2125 2078 2186 di-

1328 2233 1421 2280 verso
1443 2235 1553 2280 rernm
1577 2220 1717 2296 ipsarum
1740 2227 1835 2290 statu,
1857 2218 1991 2281 tortasse
2013 2219 2076 2296 legi

1328 2313 1403 2374 item
1429 2313 1628 2388 innovandae
1650 2311 1739 2376 locus
1755 2327 1826 2374 esse
1846 2321 1963 2390 posset.
1986 2311 2078 2374 Nunc

1327 2422 1399 2468 cum
1423 2407 1537 2470 eodem
1561 2407 1592 2467 in
1613 2414 1696 2468 statu
1718 2407 1782 2468 sint
1797 2405 1914 2478 omnia,
1928 2407 1997 2468 sine
2016 2421 2077 2467 ma-

1328 2501 1440 2562 nifesta
1462 2499 1716 2563 Constantiensis
1731 2501 1889 2564 Ecclesiae
1905 2499 2030 2561 iuribus
2042 2498 2078 2560 il-

1328 2594 1386 2655 lata
1409 2595 1535 2666 iniuria,
1560 2595 1647 2658 nulla
1669 2601 1756 2657 certe
1778 2595 1859 2656 ratio
1880 2609 1951 2656 esso
1973 2600 2078 2672 potest

1328 2689 1534 2750 immutandis
1557 2689 1654 2750 rebus
1670 2698 1782 2750 mutuo
1799 2688 1899 2750 semel
1917 2703 2077 2749 consensu

1327 2781 1485 2844 stabilitis.
1517 2781 1613 2844 Secus
1640 2783 1726 2844 enim
1756 2799 1820 2845 non
1852 2781 1959 2845 solum
1990 2780 2077 2843 nulla

1327 2891 1400 2954 spes
1423 2883 1507 2938 esset
1528 2877 1709 2938 communis
1739 2877 1820 2954 pacis
1842 2893 1876 2938 ac
1900 2875 2078 2952 tranquilli·

1330 2971 1399 3032 tatis
1421 2970 1608 3044 servandae,
1632 2985 1745 3032 verunt
1769 2970 1863 3032 etiam
1888 2969 2004 3032 multas
2020 2985 2078 3029 nec

1329 3079 1380 3124 eas
1403 3064 1534 3140 quidem
1558 3063 1714 3125 indebitas
1736 3064 1943 3141 querelarum
1970 3077 2077 3124 causas

1328 3157 1402 3220 inde
1431 3157 1551 3220 exoriri
1580 3165 1611 3218 et
1639 3157 1721 3234 ipsas
1752 3165 1878 3219 veteres
1908 3157 1993 3218 inter
2021 3170 2077 3215 vos

1328 3252 1564 3314 controversias
1596 3257 1628 3311 et
1656 3250 1879 3312 contentiones
1910 3249 2077 3312 concordia

1330 3353 1435 3408 restra
1458 3354 1520 3407 tani
1549 3343 1709 3422 praeclare
1738 3345 1928 3422 compositas
1957 3343 2077 3405 iterum

1329 3439 1458 3502 excitari
1481 3454 1609 3500 summo
1629 3453 1701 3502 cum
1718 3437 1830 3500 dolore
1847 3437 2044 3499 videremus.

1368 3535 1386 3609 5
1404 3534 1433 3595 3.
1447 3532 1535 3606 Quod
1548 3532 1584 3620 ad
1597 3531 1798 3610 spiritualem
1811 3529 2004 3608 populorum
2018 3527 2078 3590 uti-

1328 3627 1450 3688 litatem
1472 3625 1595 3695 attinet,
1620 3625 1725 3685 eidem
1748 3629 1891 3685 accurate
1909 3629 2005 3699 atque
2024 3637 2078 3699 op-

1328 3725 1477 3799 portune,
1502 3725 1538 3780 ut
1560 3733 1690 3780 necesse
1707 3723 1766 3788 est,
1784 3717 1942 3778 curandae
1957 3730 2077 3776 accom-

1328 3813 1453 3876 modata
1476 3811 1615 3874 remedia
1641 3810 1846 3886 rationesque
1869 3809 1959 3870 nullo
1983 3809 2077 3870 modo

1328 3907 1493 3969 delutnras
1516 3903 1720 3966 arbitramur.
1746 3901 1777 3966 Si
1800 3905 1840 3964 ita
1864 3919 1944 3982 opus
1966 3902 2076 3973 luerit,

1330 4001 1519 4079 pollicemur
1540 4013 1574 4058 ae
1591 3996 1775 4074 recipimus,
1795 3996 2078 4076 paratissimosnos

1328 4096 1413 4173 ipsos
1433 4107 1562 4170 semper
1578 4091 1646 4153 lore
1661 4091 1697 4152 ad
1711 4091 1910 4152 excitandam
1933 4089 2079 4168 Episcopi

1327 4185 1579 4256 constantiensis
1611 4185 1823 4262 diligentiam.
1854 4183 1968 4260 llagno
2000 4184 2078 4245 item

1328 4283 1470 4344 subsidio
1492 4290 1587 4357 atque
1610 4280 1797 4342 adiumento
1821 4295 1890 4342 esse
1914 4279 2033 4356 poterit
2050 4295 2079 4338 a·

1329 4375 1473 4456 postolici
1497 4373 1597 4435 nostri
1620 4373 1651 4434 in
1676 4373 1820 4434 Helvetia
1839 4371 1954 4434 Nuncii
1970 4387 2076 4450 opera,

1329 4487 1425 4548 quem
1458 4469 1490 4530 in
1522 4467 1709 4546 episcopalis
1739 4467 1879 4529 obeundi
1909 4465 2078 4527 ministerii

1330 4564 1471 4642 partibus
1501 4571 1627 4640 praesto
1656 4561 1712 4624 tibi
1742 4561 1906 4629 loturum,
1941 4560 2079 4637 quoties·

1329 4673 1468 4733 cumque
1490 4658 1680 4733 oportuerit,
1705 4671 1769 4716 non
1792 4654 1987 4716 dubitamus.

1369 4753 1387 4828 5
1409 4751 1438 4814 li.
1460 4749 1618 4811 Prolixius
1635 4749 1690 4811 tibi
1706 4748 1888 4825 significare
1902 4747 2077 4818 voluimus,

1329 4846 1444 4908 dilecte
1457 4843 1512 4914 tili,
1523 4842 1733 4922 quamobrem
1747 4842 1816 4905 sine
1827 4841 2079 4907 constantiensis

1331 4939 1475 5017 Episcopi
1498 4955 1655 5000 consensu
1685 4937 1818 5000 minime
1846 4937 1900 5000 tibi
1922 4954 1974 5006 ea,
1998 4952 2079 5013 quae

1330 5050 1346 5094 a
1368 5033 1459 5095 nobis
1483 5029 1634 5110 postulas,
1652 5033 1862 5110 impartienda
1877 5045 2077 5100 censeamus,

1330 5141 1411 5204 quae
1442 5127 1512 5187 sine
1543 5125 1708 5202 perspicua
1736 5125 1822 5188 illius
1853 5123 2005 5187 ecclesiae
2033 5123 2080 5184 iu-

1331 5221 1415 5282 rium
1449 5219 1676 5281 imminutione
1707 5219 1797 5281 nullo
1826 5217 1921 5280 modo
1950 5218 2079 5280 concedi

1332 5330 1424 5393 posse
1446 5313 1546 5374 vides.
1582 5311 1734 5374 Ceterum
1757 5311 1831 5374 alias
1854 5312 1966 5374 deesse
1989 5311 2080 5373 nobis

1332 5408 1465 5468 minime
1487 5421 1580 5484 posse
1596 5405 1776 5467 occasiones
1792 5412 1882 5468 certo
1896 5406 2013 5466 scimus
2030 5420 2080 5482 pa-

1332 5501 1415 5562 terni
1438 5499 1539 5562 nostri
1563 5499 1618 5560 tibi
1640 5499 1820 5561 declarandi
1843 5498 1939 5560 animi
1961 5515 1996 5560 ac
2017 5499 2080 5560 sin-

1332 5593 1452 5670 gularis
1472 5592 1651 5671 pontificiae
1666 5592 1804 5654 caritatis
1819 5607 1880 5669 qua
1895 5599 1927 5654 te
1943 5597 2080 5668 tuosque

1332 5703 1445 5749 omnes
1468 5687 1508 5748 ob
1530 5685 1705 5763 singularia
1726 5693 1833 5748 vestra
1852 5687 1884 5746 in
1906 5684 2080 5747 excolenda

1332 5781 1425 5842 vinea
1446 5779 1571 5842 llomini
1595 5780 1707 5842 merita
1735 5779 1869 5842 mirilico
1898 5779 2080 5857 complecti-

2116 590 2167 646 An.
2181 589 2208 646 c.
2224 589 2297 645 17⁷5
