4836 7002
302 542 354 599 An.
367 542 396 598 G.
410 541 480 598 1710

534 539 594 604 aba

516 683 548 738 et
568 675 627 738 alia
642 677 709 740 lora
724 677 932 740 ecclesiastica
954 679 1069 755 quovis
1085 679 1180 740 modo
1196 678 1262 756 pol·

516 769 598 832 13133
612 769 665 832 vel
688 769 818 847 polluta,
836 785 915 847 aqua
933 780 1038 833 tamen
1054 787 1111 851 per
1122 771 1262 848 aliquem

515 864 706 928 catholicum
729 865 925 935 antistitem.
949 874 985 929 ut
1007 867 1105 928 moris
1128 873 1186 937 est,
1212 867 1263 928 be-

517 959 650 1029 nedicta,
666 959 872 1020 reconciliare
889 959 1099 1037 habitumque
1111 959 1264 1037 praelato-

517 1065 589 1112 rum
613 1067 703 1113 more
725 1051 841 1114 coloris
869 1053 931 1115 albi
954 1069 1027 1115 cum
1054 1059 1211 1116 mozaetta
1234 1060 1265 1113 et

518 1143 725 1216 mantelletta,
737 1145 831 1206 etiarn
845 1145 877 1205 in
890 1161 1020 1206 romana
1031 1145 1128 1218 curia,
1140 1152 1264 1222 gestare

467 1309 471 1318 .
517 1235 585 1314 ipse
602 1236 716 1298 Paulus
731 1239 819 1316 prior
837 1239 995 1316 generalis
1014 1239 1115 1301 libere
1130 1247 1162 1300 et
1181 1238 1265 1300 licite

307 1905 446 1950 clausulae
462 1917 498 1950 sa·

288 1958 398 2012 luteres,
420 1963 449 2002 ut
471 1959 499 2002 li-

287 2015 360 2056 terae
377 2013 499 2074 apostoli·

286 2077 332 2110 cae
374 2076 500 2110 omnnnc·

286 2119 346 2162 darn
362 2118 499 2164 obtineant

287 2172 475 2217 executionem.

299 3685 504 3746 Delegatiocon·

291 3743 445 3783 triariorum.

518 1330 617 1408 possit
634 1338 667 1392 et
680 1331 784 1394 valeat
805 1331 1017 1410 eiusdemque
1033 1331 1118 1393 Pauli
1142 1331 1265 1408 priores

518 1423 686 1504 generales
721 1441 921 1488 successores
955 1427 1103 1504 praedicti
1139 1422 1266 1488 Ordinis

519 1518 682 1594 perpetuis
711 1517 828 1579 lutaris
858 1519 1057 1597 temporibus
1086 1517 1265 1596 respective

519 1613 636 1687 possint
660 1618 693 1672 et
715 1611 850 1684 valeant,
873 1613 1059 1674 auctoritate
1083 1611 1264 1690 apostolica,

520 1713 631 1766 tenore
647 1709 877 1783 praesentium,
895 1707 1100 1770 concedimus
1116 1714 1148 1767 et
1163 1705 1266 1767 indul·

519 1813 644 1875 gemus.

559 1893 577 1968 5
607 1893 645 1954 1,
665 1893 880 1954 llecernentes
917 1893 1044 1954 easdem
1082 1899 1266 1970 praesentes

520 1987 625 2050 literas
647 2002 776 2064 semper
798 1985 1053 2058 transvadatis
1077 1993 1109 2048 et
1124 1985 1266 2048 ctllcacas

519 2080 660 2142 existere
683 2088 714 2140 et
735 2079 804 2142 lore
826 2095 967 2156 suosque
990 2079 1149 2157 plenarios
1166 2087 1198 2139 et
1220 2079 1265 2138 in-

521 2181 629 2251 tegras
650 2173 782 2235 ellectus
797 2174 905 2234 sortiri
919 2181 950 2234 et
966 2174 1124 2242 obtinere,
1142 2187 1176 2232 33
1191 2171 1265 2242 11113,

520 2268 555 2328 ad
578 2279 659 2343 quos
680 2275 801 2343 spectat
821 2275 853 2327 et
876 2281 932 2344 pro
961 2273 1106 2343 tempore
1127 2264 1266 2340 quando-

520 2359 1266 2437 cumquespectabitincmnibusetperomnia

521 2453 704 2530 plenissime
726 2452 893 2529 sullragari
915 2469 948 2514 33
970 2453 1008 2513 ab
1030 2451 1074 2512 eis
1102 2451 1267 2512 inviolabi-

521 2547 594 2608 liter
616 2545 798 2619 0bservari;
822 2546 932 2622 sicque
954 2545 985 2606 in
1003 2543 1186 2622 praemissis
1210 2559 1267 2621 per

520 2652 742 2717 quoscumque
763 2639 883 2700 iudices
907 2639 1083 2700 ordinarios
1096 2646 1127 2699 et
1142 2637 1267 2714 delega-

522 2740 580 2803 tos,
598 2732 692 2792 etiam
716 2747 881 2794 causarum
905 2731 1008 2809 palatii
1031 2731 1194 2809 apostolici
1215 2747 1267 2791 au·

521 2828 641 2887 ditores
657 2842 691 2888 ac
707 2824 838 2887 Sanctae
854 2825 1011 2887 Romanae
1025 2825 1183 2886 Ecclesiae
1195 2823 1267 2884 llar-

520 2919 641 2980 dinales
663 2919 759 2981 etiam
781 2920 819 2980 de
843 2919 942 2980 latere
961 2917 1095 2994 Legatos
1118 2927 1150 2980 et
1178 2915 1268 2978 Sedis

520 3011 719 3089 apostolicae
742 3011 891 3082 Nuncios,
909 3010 1031 3072 sublata
1052 3011 1096 3072 eis
1112 3017 1268 3071 eteorum

520 3105 652 3166 cullibet
682 3105 793 3181 quavis
815 3104 907 3165 aliter
931 3103 1089 3164 indicandi
1118 3111 1151 3165 et
1171 3103 1269 3165 inter-

522 3199 666 3274 pretandi
691 3197 838 3259 facultate
860 3205 891 3257 et
916 3196 1113 3268 auctoritate,
1137 3197 1268 3258 indicari

522 3299 554 3352 et
575 3291 703 3352 deliniri
724 3291 855 3362 debere,
871 3307 905 3351 33
927 3291 1055 3350 irritum
1073 3299 1105 3351 et
1119 3293 1225 3362 inane,
1243 3293 1269 3350 si

522 3400 613 3446 secus
635 3397 733 3462 snper
755 3383 803 3445 bis
825 3401 842 3444 a
863 3398 1024 3460 quoquam
1038 3383 1149 3460 quavis
1164 3393 1269 3446 aucto-

523 3477 614 3538 ritate
636 3475 775 3537 scienter
803 3477 855 3538 vel
883 3476 1071 3552 ignoranter
1099 3477 1271 3553 contigerit

522 3571 681 3632 attentari.

562 3664 581 3737 5
601 3663 631 3724 5.
649 3663 719 3726 Nou
741 3663 942 3724 obstantibus
957 3663 1010 3724 lel.
1025 3679 1089 3724 rec.
1107 3663 1271 3726 Benedicti

524 3757 579 3818 l’P.
604 3756 684 3818 lllll.
709 3757 962 3835 praedecessoris
985 3757 1086 3818 nostri
1107 3772 1204 3834 super
1227 3758 1271 3818 di·

523 3853 647 3914 visione
671 3851 876 3913 matcriarnm
891 3851 1025 3928 aliisque
1043 3852 1222 3930 apostolicis
1238 3869 1271 3916 aa

523 3945 803 4008 inuniversalibus
826 3946 1137 4024 provincialibusque
1152 3954 1184 4008 et
1198 3963 1271 4025 syn-

524 4039 667 4100 odalibus
696 4039 838 4100 conciliis
865 4041 958 4102 editis
987 4039 1193 4115 generalibus
1218 4041 1271 4102 vel

523 4138 713 4216 specialibus
729 4137 1020 4210 constitutionibus,
1035 4155 1092 4198 133
1108 4153 1183 4208 non,
1198 4153 1271 4214 qua-

526 4242 618 4295 tenus
641 4249 719 4311 opus
739 4234 790 4305 311,
814 4233 887 4294 dicti
910 4231 1047 4302 Ordinis,
1072 4233 1167 4294 etiam
1190 4233 1272 4293 iura·

525 4339 646 4402 mento,
659 4328 903 4392 confirmatione
915 4326 1082 4404 apostolica
1094 4326 1145 4388 vel
1161 4326 1271 4403 quavis

524 4425 674 4486 firmitate
689 4422 747 4484 alia
763 4423 931 4492 roboratis,
955 4423 1079 4484 statutis
1094 4430 1125 4484 et
1140 4437 1272 4484 consue-

526 4519 700 4586 tudinibus,
719 4516 895 4594 privilegiis
917 4530 1058 4593 quoque,
1086 4516 1218 4576 indultis
1241 4525 1273 4578 31

525 4611 627 4674 literis
649 4610 828 4690 apostolicis
850 4611 881 4672 in
904 4610 1102 4672 contrarium
1122 4609 1272 4687 praemis-

524 4727 633 4772 sornm
657 4707 899 4786 quomodolibet
920 4706 1089 4776 concessis,
1107 4705 1272 4768 conflrma-

516 4806 563 4878 ¹tis
586 4812 618 4866 et
639 4803 809 4864 innovatis.
845 4801 964 4875 Quibus
987 4801 1136 4862 omnibus
1158 4802 1272 4862 31313-

526 4899 609 4976 gulis
638 4899 780 4969 illoram,
814 4905 944 4958 tenores
970 4895 1190 4974 praesentibus
1216 4912 1273 4974 pro

527 4993 620 5070 plene
637 5001 669 5054 et
683 4991 879 5054 sufficienter
894 4991 1054 5067 expressis
1070 4992 1155 5052 etde
1174 4991 1273 5052 verbo

526 5087 562 5150 ad
586 5086 721 5148 verbum
745 5085 873 5146 insertis
897 5084 1061 5156 babentes,
1079 5083 1140 5146 illis
1155 5084 1273 5146 aliasin

526 5199 585 5243 sua
597 5181 713 5241 robore
725 5179 955 5256 permansuris,
969 5179 1004 5240 ad
1024 5179 1271 5254 praemissorum

526 5276 688 5344 ellectum,
714 5275 769 5335 bac
791 5273 861 5334 vice
889 5273 1069 5342 dumtaxat,
1094 5272 1274 5350 specialiter

527 5377 559 5430 et
580 5383 731 5446 expresse
758 5370 968 5444 derogamus3
998 5369 1178 5443 ceterisque
1201 5383 1275 5428 con-

530 5463 632 5526 trariis
654 5462 922 5538 quibuscumque.

567 5555 681 5618 Datum
702 5556 837 5626 llomae,
870 5557 950 5633 apud
975 5555 1005 5618 S.
1031 5555 1158 5616 llariam
1182 5554 1274 5616 11313-

528 5666 609 5720 rem,
633 5650 692 5710 sub
713 5649 831 5712 annulo
856 5649 1100 5722 Piscatoris,die
1120 5649 1275 5710 1111313-

528 5745 560 5806 lii
585 5759 758 5814 nnccnxx,
783 5744 985 5821 pontificatus
1007 5746 1107 5804 nostrl
1129 5759 1179 5803 an.
1199 5760 1233 5802 n.

1036 5881 1238 5888 ....-...-...—-
1246 5881 1254 5886 .
1263 5881 1280 5886 ..
1300 5881 1307 5886 .

569 5958 598 6012 tl)
615 5959 650 6000 Ex
668 5959 728 6012 Req.
746 5957 826 6002 vatic.
843 5956 924 6013 Epist.
939 5957 972 6002 ad
987 5957 1068 6012 princ.
1085 5955 1155 6001 viros
1169 5959 1195 6000 et
1209 5955 1285 6000 alios.

1037 559 1101 606 tun.
1126 560 1216 606 PON'l'.
1241 561 1281 606 bit
1304 561 1333 606 P.
1358 561 1387 606 ll.
1411 561 1495 606 PARS
1518 561 1539 605 1.

1677 677 1712 740 11.

1320 862 1526 928 Praesulr'bus
1542 864 1714 927 Maronitis
1729 864 1766 926 de
1779 864 1909 946 propria
1921 864 2069 927 Patrius-

1360 957 1421 1021 eba
1442 957 1646 1038 querentibus
1667 959 1846 1038 respondet,
1862 975 1895 1019 se
1908 957 2070 1038 repetitam

1360 1051 1508 1114 detulisse
1530 1051 1571 1114 ad
1594 1050 1624 1112 S.
1646 1050 1940 1132 Ceaqreqatioaem,
1961 1067 2071 1128 eosque

1360 1145 1498 1223 irnpease
1520 1145 1560 1207 ad
1582 1143 1788 1206 corcordiam
1804 1143 1956 1206 bortatur
1978 1161 2016 1206 aa
2029 1143 2071 1204 si-

1360 1238 1427 1300 raal
1456 1237 1496 1301 ad
1527 1236 1707 1315 obsequium
1738 1236 1953 1300 Patriarclae
1979 1253 2070 1316 praa·

1319 1373 1327 1398 ..
1360 1331 1512 1394 staadura
1534 1331 1591 1410 (l).

1323 1515 1719 1584 venerabiliumque
1750 1515 1890 1582 llicbaeli
1919 1514 2071 1598 Episcopo

1363 1610 1549 1688 caesareae,
1568 1626 1626 1676 nec
1650 1626 1707 1678 aaa
1728 1608 1847 1676 llieario
1870 1609 2011 1692 Episcopi
2034 1609 2073 1674 1-

1363 1705 1449 1788 leppi,
1465 1709 1496 1770 et
1519 1703 1676 1787 Episcopis
1693 1701 1832 1788 Tripolis,
1850 1703 2001 1786 Eliopolis,
2019 1704 2073 1770 dr·

1362 1815 1429 1876 333,
1453 1797 1702 1881 [3311330133
1725 1798 1987 1874 3103131311133,
2049 1841 2055 1854 .

1510 1984 1696 2053 otiatus
1724 1986 1786 2052 ΡΡ.
1811 1985 1884 2052 tttlt.

1525 2173 1723 2241 venerabiles
1745 2174 1872 2253 iratres,

1356 2267 1486 2336 salutem
1509 2273 1541 2333 et
1563 2267 1759 2350 apostolicam
1787 2267 2037 2335 benedictionem.

1364 2459 1552 2537 Accepimus
1575 2457 1809 2521 iraternitatum
1835 2467 2015 2520 vestrarum
2038 2459 2073 2520 li-

1326 2559 1407 2613 teras
1429 2553 1466 2614 ad
1490 2567 1546 2612 nos
1563 2552 1613 2612 die
1627 2567 1677 2610 nv.
1692 2551 1884 2628 septembris
1898 2553 1969 2613 anni
1984 2567 2072 2629 prae-

1326 2645 1410 2708 teriti
1432 2647 1527 2715 datas,
1552 2652 1773 2721 quantamque
1790 2661 1828 2704 ex
1848 2646 1886 2705 iis
1910 2645 2073 2706 molestiae

1324 2743 1517 2816 ceperimus,
1535 2738 1665 2814 vosipsi
1689 2737 1788 2813 magis
1806 2738 1989 2814 intelligere
2007 2748 2072 2816 pot-

1325 2834 1429 2904 eritis,
1454 2847 1549 2909 quam
1573 2847 1628 2892 nos
1651 2831 1758 2892 verbis
1787 2832 1911 2908 assequi
1941 2849 1974 2892 ac
1999 2833 2074 2893 satis

1325 2927 1484 3004 explicare
1520 2925 1694 2987 valeamus.
1732 2923 1811 2985 lllud
1852 2927 2074 2987 tantummodo

1325 3021 1416 3082 vobis
1438 3020 1575 3080 innuere
1597 3017 1759 3089 volumus,
1784 3033 1929 3079 summae
1946 3027 2074 3081 nostrae

1325 3130 1401 3192 erga
1423 3127 1480 3174 vos
1503 3111 1622 3172 caritati
1645 3126 1752 3188 parem
1777 3125 1847 3172 esse
1869 3111 2015 3172 dolorem
2039 3113 2073 3174 il·

1326 3210 1392 3270 lunr
1425 3222 1489 3285 quo
1520 3206 1621 3266 allecti
1654 3221 1782 3276 sumus,
1814 3221 1887 3265 cum
1925 3207 2074 3281 querelas

1325 3309 1448 3364 vestras
1470 3299 1509 3362 de
1531 3314 1604 3359 ven.
1636 3297 1734 3360 tratre
1764 3298 1942 3360 Patriarcba
1965 3300 2074 3361 Antio·

1325 3395 1429 3457 claena
1451 3409 1485 3454 33
1506 3393 1694 3454 earumdem
1717 3407 1823 3452 causas
1839 3407 1985 3469 quaeque
2000 3393 2074 3455 inde

1326 3487 1478 3564 consequi
1499 3485 1532 3545 in
1548 3485 1714 3546 universas
1730 3485 1877 3547 ecclesias
1892 3493 2014 3548 nostras
2030 3487 2074 3548 ol-

1326 3582 1498 3650 lensiones,
1518 3579 1720 3641 incommoda
1741 3595 1775 3640 ac
1797 3579 1988 3642 detrimenta
2005 3598 2074 3660 pos-

1326 3687 1412 3745 sunt,
1440 3673 1690 3751 perciperemus.
1723 3672 1861 3744 Utinam,
1893 3674 2074 3736 131113113-

1328 3777 1404 3839 1133,
1422 3783 1479 3828 rias
1501 3767 1560 3844 ipsi
1583 3774 1767 3844 praesentes
1789 3769 1900 3828 adesse
1917 3775 1949 3828 et
1967 3783 2073 3829 coram

1327 3863 1534 3939 interponere
1550 3859 1770 3921 anctoritatem
1787 3869 1928 3922 nostram
1949 3877 2075 3924 omnes-

1327 3971 1390 4032 que
1412 3955 1445 4015 in
1466 3954 1542 4031 ipsis
1564 3953 1661 4014 inuiis
1690 3953 1861 4015 discordias
1893 3955 2075 4032 praelocare

1326 4065 1361 4110 33
1383 4063 1514 4126 prorsus
1542 4048 1725 4124 opprimere
1748 4063 1927 4124 possemus.
1965 4047 2078 4126 Nunc,

1327 4143 1412 4220 quod
1442 4145 1474 4202 in
1505 4150 1590 4202 tanto
1621 4148 1653 4202 et
1681 4143 1835 4218 temporis
1869 4152 1900 4203 31
1930 4141 2075 4204 locorum

1327 4237 1427 4314 spatio
1450 4235 1541 4298 nabis
1564 4235 1723 4311 agendum
1748 4251 1817 4296 esse
1833 4251 1891 4313 pro
1906 4237 2076 4313 apostolica

1327 4329 1541 4392 sollicitudine
1555 4329 1659 4389 visum
1676 4336 1735 4398 est,
1752 4329 1988 4391 accuratissime
2005 4330 2077 4390 luric

1328 4437 1455 4489 nostrae
1484 4428 1523 4488 de
1553 4425 1755 4502 Propagauda
1787 4425 1862 4487 Fide
1894 4425 2077 4502 (1311313133-

1330 4521 1406 4582 ticni
1430 4520 1661 4590 mandavimus,
1678 4525 1725 4590 ut,
1742 4527 1858 4595 quanta
1880 4521 2017 4580 maxima
2033 4520 2077 4580 di-

1329 4615 1460 4692 ligcntia
1492 4623 1612 4690 potest,
1646 4629 1756 4674 reram
1788 4614 1922 4674 istarum
1958 4621 2074 4674 statum

1328 4727 1400 4771 cunr
1428 4709 1618 4786 cognoverit
1645 4725 1678 4768 33
1707 4707 1916 4784 expenderit,
1947 4721 2076 4768 onlnem

1329 4821 1470 4883 operam,
1494 4803 1648 4873 studium,
1665 4802 1834 4863 consilinm
1857 4801 2025 4862 adbiberet
2040 4802 2075 4860 ad

1329 4907 1506 4978 opportuna
1528 4897 1756 4959 controversiis
1777 4897 1846 4957 istis
1867 4897 2077 4972 comparanda

1329 5003 1519 5070 matureque
1540 4991 1700 5054 atterenda
1716 4991 1867 5052 remedia.
1892 4989 1926 5050 ln
1943 4990 2078 5051 Domino

1328 5105 1404 5150 sane
1426 5087 1617 5148 confidimus
1639 5083 1719 5155 lare,
1744 5091 1779 5146 ut
1801 5085 1945 5146 eiusdem
1972 5084 2077 5145 divina

1330 5197 1389 5260 ope
1413 5182 1567 5242 tutissima
1589 5179 1692 5255 aliqua
1711 5179 1837 5239 ineatur
1853 5178 2004 5255 pristinae
2024 5193 2064 5238 vo

1330 5277 1377 5337 bis
1399 5273 1638 5350 tranquillitatis
1667 5271 1884 5332 restituendae
1900 5272 1991 5343 13113;
2015 5287 2078 5332 133-

1331 5385 1393 5446 quc
1406 5367 1841 5429 istbiccatlrolicaconcordia
1854 5373 2079 5442 1331133331-

1333 5471 1398 5524 tum
1422 5463 1491 5524 ileri
1514 5470 1629 5539 potest,
1648 5461 1786 5521 maxime
1802 5460 2003 5534 rellorescat;
2025 5475 2078 5520 ne-

1331 5572 1394 5632 que
1416 5557 1501 5616 enirn
1525 5555 1560 5614 ad
1585 5570 1651 5615 eam
1679 5553 1829 5614 tuendam
1845 5561 1940 5628 atque
1957 5552 2077 5628 optime

1331 5649 1609 5711 administrandam
1636 5647 1699 5710 ulla
1721 5663 1773 5708 res
1796 5645 1895 5722 magis
1917 5647 2076 5714 conducit,

1332 5757 1424 5818 quarn
1437 5756 1521 5801 unus
1538 5740 1689 5816 idemque
1704 5754 1829 5809 eorum,
1844 5739 1897 5814 qui
1915 5745 2077 5815 praesunt,

2105 543 2158 600 An.
2171 543 2200 598 C.
2214 541 2285 598 {7⁷2
