4756 6994
928 607 1071 654 dtuuurts
1093 609 1144 654 ΡΡ.
1169 608 1212 654 xl.

295 724 372 788 moti
395 723 516 786 luimus
532 742 571 788 ex
588 725 811 790 uexationibus
828 732 859 788 ot
875 723 1042 796 molestiis,

294 833 370 894 quas
399 837 433 882 ea
463 836 628 882 occasione
659 819 761 882 illatas
793 819 849 882 tibi
882 819 980 882 luisse
1014 827 1046 880 et

294 912 396 973 arlbuc
424 913 537 974 inlerri
563 913 787 990 cognovimus,
817 930 889 974 cum
928 916 966 976 ob
996 933 1042 988 ea,

293 1022 374 1082 quae
386 1007 521 1068 dilectus
534 1007 619 1068 lilius
635 1015 745 1070 noster
759 1007 891 1070 Carolus
907 1009 1044 1073 Thomas

294 1101 326 1160 S.
350 1100 385 1161 ll.
412 1101 447 1161 E.
477 1099 653 1162 Cardinalis
676 1101 715 1162 de
744 1101 897 1164 'lournon
924 1105 963 1166 de
993 1113 1044 1168 tua

294 1194 420 1272 pietate,
445 1195 642 1256 orthodoxae
664 1194 830 1272 religion‘s
853 1197 935 1268 zelo,
958 1215 1043 1260 sum-

295 1303 412 1364 moque
424 1295 519 1364 atque
534 1288 755 1366 imperterrito
771 1288 921 1367 idipsum
939 1293 1045 1355 studio

293 1383 330 1442 ad
354 1398 410 1444 nos
439 1383 635 1460 perscripsit,
668 1391 698 1444 te
723 1383 879 1460 singulari
909 1387 1042 1462 quadarn

295 1476 517 1538 benevolentia
528 1475 790 1553 complectamur.
801 1478 925 1540 Paterni
939 1480 1044 1557 itaque

294 1569 389 1631 animi
413 1570 444 1630 in
468 1576 498 1632 te
527 1569 625 1632 nostri
658 1578 887 1646 argumentum
916 1573 1043 1652 aliquod

295 1664 350 1726 tibi
363 1671 472 1726 extare
487 1665 665 1742 cupientes,
682 1666 821 1742 primum
835 1671 1042 1732 constantiam

297 1767 379 1820 tuam
415 1765 536 1834 gratam
566 1759 736 1820 admodum
772 1761 863 1822 nobis
895 1763 1044 1827 accidisse

296 1851 350 1912 tibi
372 1851 602 1926 significamus,
626 1867 762 1928 eamque
785 1855 909 1916 meritis
932 1857 963 1918 in
986 1859 1044 1919 llo-

296 1945 383 2006 mino
405 1945 635 2021 prosequimur
651 1945 814 2008 laudibus:
834 1949 949 2012 deinde
965 1967 1044 2014 vero

296 2047 327 2100 te
349 2053 544 2115 magnopere
566 2039 735 2100 hortamur
756 2057 790 2102 ac
819 2041 1042 2116 admonemus,

294 2139 331 2192 ut
350 2131 382 2191 in
403 2137 551 2206 suscepto
573 2131 706 2194 consilio
722 2133 881 2208 persistas,
899 2143 931 2197 et
945 2153 1044 2214 angu-

294 2225 378 2294 stias,
402 2225 432 2284 in
455 2224 572 2300 quibus
589 2225 711 2302 positus
727 2241 770 2296 es,
788 2227 881 2288 alacri
897 2236 1044 2292 strenuo-

294 2333 357 2394 que
378 2317 485 2380 animo
507 2317 669 2379 sustinere
686 2333 811 2395 pergas.
829 2319 941 2398 Neque
957 2324 1042 2386 enim

294 2409 447 2486 conqueri
469 2409 524 2470 sed
549 2408 678 2485 gloriari
701 2427 774 2472 cum
790 2414 934 2489 apostolo
949 2416 1044 2478 debe·

297 2520 367 2564 mus
389 2503 419 2564 in
444 2502 703 2564 tribulationibus
719 2506 854 2566 nostris:
873 2525 890 2565 a
906 2508 1044 2572 scientes

295 2599 377 2675 quod
402 2596 565 2658 tribulatio
587 2597 769 2674 patientiam
800 2607 962 2677 operatur,
995 2621 1044 2682 pa·

296 2692 403 2752 tientia
425 2697 532 2756 autent
556 2690 789 2766 probationem,
807 2695 951 2771 probatio
966 2715 1044 2760 vero

295 2799 396 2861 spem,
420 2799 492 2862 spes
513 2791 620 2844 autem
645 2801 710 2846 non
732 2787 899 2851 contundit
915 2809 944 2851 a.
960 2791 1045 2865 Quae

296 2877 425 2953 quidem
447 2892 519 2954 spes
542 2878 675 2940 omnino
698 2887 783 2940 certa
805 2899 839 2942 ac
861 2884 952 2944 drma
977 2885 1042 2956 tibi,

296 2973 349 3047 qui
372 2971 628 3048 persecutionem
653 2973 769 3048 pateris
800 2983 932 3053 propter
958 2979 1045 3040 iusti-

297 3064 381 3134 tiam,
398 3064 582 3141 reponenda
598 3065 629 3126 in
647 3063 781 3127 Domino
797 3075 854 3130 est.
873 3069 942 3132 Non
959 3073 1043 3134 enim

297 3159 539 3235 inperpetuum
565 3159 730 3230 irascetur,
755 3177 862 3238 neque
883 3163 915 3224 in
945 3172 1045 3227 aeter-

295 3269 372 3314 num
400 3251 659 3320 comminabitur,
692 3255 746 3314 sed
779 3253 894 3318 iaciens
923 3259 1046 3321 miseri-

295 3347 432 3408 cordiam
467 3352 499 3406 et
532 3345 683 3406 iudicium
719 3348 868 3409 iniuriam
904 3353 1044 3426 patienti,

297 3440 401 3502 mittet
431 3439 498 3508 tibi,
522 3455 595 3500 eum
618 3439 676 3499 sibi
702 3440 865 3516 placuerit,
890 3445 1044 3508 auxilium

295 3534 334 3594 de
355 3541 464 3596 sancto
486 3539 518 3594 et
539 3533 578 3593 de
601 3531 676 3594 Sion
709 3534 852 3597 tuebitur
883 3545 924 3600 te.
955 3539 1046 3601 Cete-

295 3645 366 3689 rum
389 3628 425 3688 ad
450 3643 505 3688 nos
528 3627 614 3702 quod
637 3628 788 3704 pertinet,
813 3647 910 3692 omne
931 3651 946 3692 a
969 3650 1046 3711 pon-

297 3723 387 3784 tificia
409 3721 597 3782 auctoritate
620 3727 652 3782 et
683 3729 809 3798 paterna
835 3726 964 3788 caritate
991 3745 1046 3789 no-

295 3825 359 3879 stra
392 3815 585 3894 praesidium
622 3815 767 3892 polliceri
801 3819 854 3880 tibi
889 3831 1045 3898 perpetuo

296 3913 403 3980 debes,
428 3910 543 3970 dilecte
556 3909 611 3978 titt,
629 3911 678 3971 cui
696 3911 824 3974 interim
841 3915 1043 3992 apostolicam

297 4005 552 4068 benedictionem
576 4011 719 4065 amanter
742 4005 959 4084 impertimur.

337 4100 449 4160 [tatum
467 4097 597 4166 llomae,
614 4099 696 4174 apud
714 4096 745 4158 S.
761 4098 904 4170 Petrum,
919 4103 978 4164 sub
993 4120 1045 4165 an-

298 4193 374 4254 nulo
396 4191 572 4257 Piscatoris,
591 4189 641 4250 die
660 4207 737 4251 xxii.
755 4194 883 4268 augusti
899 4211 1043 4268 noceat,

299 4285 498 4362 pontificatus
520 4283 621 4343 nostri
643 4297 727 4344 anno
752 4301 793 4344 xi.

568 4443 806 4452 ..——.

653 4565 690 4626 x.

300 4753 493 4814 ludovicum
510 4751 659 4831 Appiani,
676 4752 710 4813 io
732 4768 859 4814 coccam
874 4753 1046 4823 detentum,

222 4853 225 4856 ·
576 4847 772 4908 consolatur.

299 5031 417 5098 llileoto
444 5031 508 5098 lilio
545 5029 692 5096 [odorico
726 5031 860 5114 opplani,
893 5033 1047 5099 sacerdoti

338 5124 587 5208 congregationis
611 5124 773 5202 missionis,
796 5131 827 5191 et
857 5127 1047 5192 missionario

339 5218 508 5302 apostolico
531 5219 558 5284 in
581 5233 676 5300 reqno
700 5214 848 5298 Sinarun,

505 5361 692 5428 electeus
717 5363 775 5430 PP.
798 5363 843 5430 ΧΙ.

572 5497 689 5564 Dileole
717 5499 774 5578 tili,

331 5593 460 5660 satutem
484 5598 515 5658 et
538 5591 737 5674 apostoticam
760 5594 1014 5660 benedictionem.

342 5782 527 5853 llultorum,
544 5784 599 5860 qui
622 5799 660 5845 en
680 5783 749 5844 istis
765 5783 907 5861 partibus
923 5783 984 5846 buo
1000 5799 1048 5845 re-

298 5877 493 5954 migrarunt,
516 5893 668 5939 sermone
691 5878 880 5956 praesertim
902 5892 981 5940 vero
1004 5877 1048 5938 di-

298 5971 374 6033 lecti
396 5971 452 6032 illii
475 5971 577 6032 nostrl
598 5969 703 6034 Caroli
734 5971 874 6032 Tbomae
897 5969 929 6032 S.
951 5970 987 6034 lt.
1011 5969 1047 6032 E.

410 6119 466 6158 latr.
483 6119 557 6158 Pont.
574 6118 606 6158 de
621 6119 701 6167 Propi.
717 6117 779 6158 rude
795 6113 878 6158 l‘ttrtis
894 6117 913 6158 l.
930 6113 981 6158 l'ol.
999 6115 1050 6156 l'll.

1071 2762 1074 2793 Ι

1100 725 1274 789 Cardinalis
1297 728 1336 790 de
1359 727 1522 798 Tonrnon,
1548 727 1738 804 gravissimo
1762 728 1848 788 testi·

1101 825 1226 892 monio,
1265 823 1419 884 certiores
1454 822 1580 884 abunde
1613 822 1684 884 lacti
1716 837 1846 892 sumus,

1101 925 1132 979 te
1154 933 1303 994 magnam
1332 923 1455 993 partem
1477 915 1613 977 subiisse
1635 915 1794 994 procellae
1817 914 1847 976 in

1103 1012 1203 1088 ipsum
1228 1011 1427 1072 Gardioalem
1451 1009 1630 1077 suscitatae,
1648 1013 1681 1070 et
1696 1015 1767 1086 post
1781 1007 1849 1085 plu-

1100 1105 1196 1178 rimas
1219 1105 1403 1167 vexationes
1421 1104 1524 1166 adbuc
1539 1104 1609 1165 istic
1626 1110 1659 1164 et
1672 1117 1783 1180 aspera
1797 1117 1850 1162 cu-

1100 1199 1199 1262 stodia
1222 1204 1254 1260 et
1274 1213 1402 1260 carcere
1424 1197 1573 1258 detineri.

1140 1293 1211 1370 Non
1222 1309 1314 1354 secus
1327 1290 1481 1368 prolecto,
1498 1307 1532 1352 ac
1547 1290 1729 1360 debuimus,
1744 1289 1850 1350 animo

1100 1388 1252 1450 commoti
1280 1387 1496 1448 vehementer
1529 1383 1590 1446 tuis
1621 1382 1785 1444 aerumnis
1817 1399 1851 1443 ac

1100 1481 1264 1544 doloribus
1287 1478 1530 1551 condoluimus;
1545 1479 1599 1538 sed
1617 1491 1690 1537 cum
1706 1491 1851 1553 comper-

1102 1584 1168 1637 tum
1182 1575 1354 1638 babeamus
1370 1581 1401 1634 te
1417 1579 1548 1649 propter
1563 1571 1715 1632 iustitiam
1731 1570 1764 1630 in
1786 1585 1848 1634 eas.

1100 1685 1178 1746 quas
1193 1669 1320 1747 pateris,
1338 1665 1499 1743 angustias
1522 1664 1681 1734 incidisse,
1704 1679 1767 1724 non
1785 1677 1850 1722 me·

1099 1764 1252 1826 diocriter
1273 1761 1418 1823 dolorem
1443 1763 1587 1820 nostrum
1612 1773 1646 1818 ea
1676 1756 1851 1817 consolatio

1100 1857 1228 1927 levavit,
1253 1854 1336 1932 quod
1354 1863 1396 1924 te,
1415 1867 1511 1930 quem
1529 1851 1724 1928 lledemptor
1741 1855 1851 1910 noster

1100 1951 1226 2012 beatum
1251 1947 1399 2026 appellat,
1418 1961 1475 2006 nos
1496 1943 1651 2004 miserum
1675 1957 1851 2017 agnoscere

1099 2051 1152 2105 aut
1181 2041 1348 2103 nominare
1380 2055 1445 2100 non
1474 2052 1654 2113 possumus.
1684 2034 1851 2109 Quomodo

1099 2137 1185 2199 enim
1209 2135 1361 2196 dicendus
1378 2147 1419 2194 -es
1441 2131 1550 2200 miser,
1579 2130 1632 2205 qui
1663 2145 1720 2206 pro
1750 2131 1851 2190 omni-

1100 2229 1238 2308 potentis
1261 2227 1316 2288 liei
1339 2225 1427 2286 cultu
1450 2225 1481 2285 in
1504 2223 1708 2300 amplissimis
1724 2222 1790 2282 istis
1803 2238 1851 2283 re·

1100 2323 1248 2400 gionibus
1260 2318 1465 2398 propagando
1481 2316 1663 2379 totlabores
1675 2316 1849 2392 suscipere,

1099 2423 1146 2478 tot
1167 2415 1253 2476 adire
1276 2413 1416 2492 pericula
1439 2427 1502 2472 oon
1520 2409 1691 2470 dubitasti?
1707 2409 1761 2486 qui
1781 2425 1851 2486 pro-

1100 2519 1170 2590 pter·
1193 2507 1360 2583 religionis
1388 2503 1561 2566 catbolicae
1590 2501 1755 2578 singulare
1786 2507 1851 2562 stu-

1099 2607 1188 2686 dium
1202 2611 1248 2665 tot
1259 2601 1421 2662 molestias
1433 2605 1465 2660 ot
1477 2597 1669 2660 calamitates
1682 2611 1852 2673 perpessus

1100 2701 1236 2774 estqui
1259 2697 1390 2758 demum
1414 2693 1453 2754 ob
1479 2691 1663 2770 praestitam
1692 2691 1852 2768 praedicto

1100 2790 1269 2860 Cardinali,
1293 2805 1327 2848 ac
1349 2787 1380 2847 in
1404 2787 1471 2847 eius
1500 2800 1635 2861 persona
1664 2783 1852 2860 nobisipsis

1101 2896 1133 2950 et
1148 2886 1222 2947 lmic
1234 2883 1366 2946 Sanctae
1382 2879 1466 2950 Sedi,
1481 2880 1619 2941 debitam
1637 2877 1851 2940 obedientiam

1101 2998 1134 3042 ac
1150 2981 1257 3048 iidem,
1276 2977 1394 3038 durum
1410 2987 1571 3034 carcerem
1589 2971 1758 3032 etvincula
1775 2977 1853 3031 tam

1101 3075 1154 3136 diu
1177 3069 1356 3133 sustinuisti
1388 3075 1420 3130 et
1449 3067 1554 3152 atlbue
1579 3065 1740 3127 sustinesl
1768 3065 1852 3139 Quae

1101 3166 1248 3244 quamvis
1281 3163 1392 3232 tristia,
1427 3160 1564 3222 difficilia
1596 3168 1691 3235 atque
1725 3159 1852 3248 borrida

1101 3277 1215 3322 sensus
1237 3259 1304 3335 ipse
1328 3263 1438 3317 noster
1469 3255 1627 3313 numanus
1655 3253 1851 3329 experiatur,
1871 3289 1873 3294 -

1103 3363 1208 3416 tamen
1233 3353 1308 3413 baec
1331 3349 1435 3410 omnia
1458 3348 1557 3409 divini
1590 3348 1721 3408 bonoris
1750 3363 1850 3418 amor,

1102 3450 1155 3526 qui
1171 3461 1266 3524 supra
1283 3443 1388 3506 omnia
1405 3441 1505 3504 dulcis
1522 3448 1579 3510 est,
1598 3440 1699 3501 dulcia
1716 3441 1853 3502 reddere

1102 3548 1215 3620 potest.
1240 3539 1270 3600 ld
1295 3554 1390 3616 porro
1414 3536 1469 3598 tibi
1485 3535 1543 3612 ipsi
1559 3535 1749 3610 contingere
1765 3541 1854 3596 certo

1101 3635 1274 3704 credimus,
1297 3631 1386 3700 dum,
1410 3637 1446 3690 ut
1466 3629 1595 3690 allatum
1619 3628 1655 3688 ad
1672 3645 1730 3688 nos
1746 3635 1803 3698 est,
1820 3629 1852 3690 in

1102 3725 1361 3791 tribulationibus
1378 3723 1536 3800 gloriaris,
1554 3722 1689 3792 exultas,
1708 3723 1792 3796 quod
1809 3723 1853 3786 di-

1102 3839 1202 3900 gnum
1227 3820 1351 3881 babitus
1373 3833 1415 3878 sis
1440 3833 1495 3894 pro
1517 3815 1636 3878 tlbrlsti
1659 3833 1750 3877 causa
1779 3833 1853 3878 con-

1102 3916 1265 3979 tumeliam
1281 3913 1354 3991 pati,
1367 3929 1400 3972 ac
1416 3911 1576 3988 impavido
1593 3909 1732 3986 tortique
1747 3910 1854 3971 animo

1103 4010 1187 4072 illam
1202 4007 1379 4085 perterens,
1392 4019 1601 4082 summopere
1618 4009 1744 4080 gratum
1758 4011 1853 4080 atque

1101 4103 1276 4164 iucundum
1303 4100 1366 4160 lleo
1387 4105 1419 4160 et
1435 4098 1619 4158 bominibus
1636 4097 1851 4174 spectaculum

1102 4196 1246 4258 exbibes.
1270 4193 1312 4254 Ut
1334 4191 1491 4254 oiarsmoni
1521 4207 1634 4252 sensus
1666 4191 1852 4254 sacerdotali
1938 4233 1943 4242 .

1101 4297 1231 4369 pectore
1247 4306 1280 4350 ac
1295 4285 1453 4354 instituto.
1472 4285 1555 4362 quod
1574 4285 1745 4362 promeris,
1762 4285 1853 4362 plane

1101 4384 1308 4461 dignissimos
1330 4385 1512 4442 constanter
1542 4377 1636 4448 tueri,
1667 4387 1854 4454 certamque

1101 4495 1135 4538 ac
1156 4477 1282 4538 llrmam
1305 4473 1452 4536 fiduciam
1475 4471 1507 4532 in
1530 4471 1677 4542 Domino,
1701 4473 1754 4550 qui
1771 4473 1802 4534 in
1819 4489 1853 4534 se

1102 4576 1267 4647 sperantes
1295 4565 1449 4630 conlundi
1478 4581 1542 4626 non
1571 4566 1699 4642 patitur,
1734 4565 1854 4628 babere

1102 4678 1252 4741 pergens,
1277 4667 1307 4722 te
1329 4659 1543 4721 vehementer
1566 4659 1743 4719 bortamur.

1141 4756 1205 4818 Nos
1227 4755 1369 4831 quidem,
1394 4759 1547 4830 quantum
1572 4751 1669 4812 situm
1704 4751 1736 4812 in
1763 4751 1854 4814 nobis

1102 4851 1181 4920 erit,
1206 4848 1296 4910 nullo
1318 4847 1414 4907 modo
1441 4847 1604 4906 deerimus
1627 4845 1739 4906 virtuti
1763 4853 1851 4916 tuae,

1103 4957 1297 5020 quamquam
1320 4939 1379 5002 etsi
1402 4939 1552 5001 deessent
1575 4955 1697 5008 omnes,
1720 4955 1777 5016 pro
1800 4956 1853 5001 er·

1103 5037 1226 5114 plorato
1250 5042 1356 5096 tamen
1380 5033 1544 5102 babemus,
1570 5031 1670 5094 Deum
1695 5035 1852 5111 optimum

1103 5131 1279 5191 marimum
1303 5143 1413 5190 causae
1436 5143 1522 5196 suae,
1546 5127 1703 5188 constanti
1728 5135 1799 5188 tuae
1821 5128 1855 5189 in

1103 5225 1208 5302 ipsum
1225 5221 1310 5292 lldei,
1324 5221 1456 5282 assiduis
1475 5221 1693 5297 accuratisque
1706 5222 1853 5299 precibus

1104 5318 1233 5388 nostris,
1258 5316 1417 5377 bonorum
1441 5315 1580 5390 deniqne
1603 5315 1747 5377 omnium
1770 5317 1853 5378 votis

1104 5411 1237 5472 minime
1250 5407 1450 5470 defuturum.
1465 5407 1561 5469 Cuius
1574 5409 1620 5469 rei
1634 5409 1666 5468 in
1677 5410 1851 5486 auspicium

1104 5503 1172 5574 tibi,
1196 5503 1250 5564 dil.
1275 5502 1331 5573 tili,
1355 5501 1559 5578 apostolicam
1583 5501 1851 5575 benedictionem,

1104 5605 1253 5675 paternae
1276 5595 1383 5666 etiam,
1402 5610 1461 5671 qua
1483 5603 1513 5656 te
1528 5595 1783 5672 complectimur,
1801 5597 1854 5660 be-

1104 5687 1308 5752 nevolentiae
1332 5695 1458 5758 testem,
1476 5696 1620 5750 amanter
1634 5689 1851 5766 impertimur.

1144 5783 1256 5844 Datum
1281 5781 1410 5854 Romae,
1436 5782 1517 5859 apud
1548 5780 1580 5844 S.
1606 5782 1733 5844 blariam
1762 5783 1854 5845 blaio·

1104 5891 1186 5946 rem,
1210 5876 1269 5938 sub
1292 5875 1605 5948 annulo'Piscatoris,
1630 5877 1681 5938 die
1704 5893 1783 5939 xxrr.
1801 5894 1853 5939 au·

1105 5970 1189 6046 gusti
1208 5985 1354 6038 uocem..
1373 5969 1575 6047 pontificatus
1591 5971 1693 6032 nostri
1708 5988 1792 6033 anno
1807 5989 1851 6034 xi.

1725 6119 1748 6160 te

1790 588 1831 654 ab
1886 591 1981 672 bnqtl.
1995 591 2060 652 llll
