4814 6998
840 629 1030 678 TRAGTATUS
1051 629 1108 675 sntt
1130 630 1344 676 GONGORDATA

314 747 436 812 scilicet
455 749 609 812 (1111131311
631 751 729 827 ipsius
754 763 845 812 mens
873 755 921 810 est
943 763 999 826 per
1021 747 1069 808 iu·
1460 744 1541 810 XVl.

317 851 498 905 ramentum
511 843 649 907 lormula
664 842 864 923 inlrascripta
876 857 1066 921 expressum

316 936 399 998 band
422 937 558 1016 obligari
573 937 606 1000 in
628 937 797 1000 coscientia
820 953 886 1009 eos,
910 936 963 1014 qui
985 935 1067 997 inra-
1271 935 1442 1000 Goeeeutio
1464 936 1548 998 teter
1570 934 1665 998 Pium
1687 933 1729 996 lll

316 1035 463 1092 mentum
478 1029 557 1093 illud
575 1037 747 1108 praestent,
764 1031 802 1092 ad
818 1030 979 1108 quidpiam
996 1045 1066 1108 per·
1122 1035 1151 1092 et
1176 1029 1358 1092 Praecidam
1385 1027 1587 1108 Reipublicae
1608 1029 1799 1107 Aequotorie
1828 1029 1875 1110 (R)
1932 1067 1935 1076 -

314 1123 475 1200 agendum
509 1124 595 1201 quod
626 1123 681 1186 Dei
704 1131 736 1186 et
759 1123 919 1187 Ecclesiae
941 1123 1067 1200 legibus
1447 1123 1551 1184 1862.

315 1216 526 1286 adverseturt
556 1215 710 1280 Sanctitas
740 1216 801 1280 Sua
827 1217 999 1280 assentitur
1020 1233 1067 1278 se·
1143 1257 1176 1319 [n
1198 1256 1336 1319 Nomine
1359 1254 1403 1318 ss
1435 1263 1468 1318 et
1488 1254 1673 1318 Individuae
1692 1253 1855 1318 ,himinis

316 1323 418 1384 quens
440 1309 658 1373 iuramentum
680 1311 718 1373 ab
741 1311 968 1374 Ecclesiasticis
990 1311 1067 1372 viris
1407 1303 1414 1316 ’

316 1405 469 1480 praestari
492 1419 601 1482 posse:
626 1405 728 1482 <Ego
756 1405 829 1466 iuro
860 1411 893 1468 et
914 1403 1067 1482 promitto

315 1495 352 1557 ad
385 1503 491 1559 sancta
513 1497 568 1560 Rei
600 1497 766 1575 evangelia
799 1497 1011 1561 obedientiam
1036 1503 1068 1560 et
1122 1507 1155 1560 ot
1176 1499 1306 1560 Praeses
1329 1496 1531 1575 Reipublicae
1546 1495 1736 1574 Reqnatoris
1751 1499 1784 1560 in
1800 1514 1876 1560 snos

315 1589 501 1652 fidelitatem
531 1591 694 1654 Gubernio
717 1608 774 1670 per
804 1591 1066 1656 constitutionem
1123 1593 1300 1669 respective
1329 1589 1624 1668 plenipotentiarios
1646 1590 1872 1652 nominarunt:

314 1683 517 1762 Reipublicae
539 1685 579 1748 de
602 1684 785 1748 Venezuela
807 1693 944 1760 statut03
974 1685 1067 1746 item·
1162 1683 1316 1747 Sanctitas
1348 1684 1409 1746 Sua
1438 1683 1730 1747 eminentissimum
1765 1684 1799 1747 1).
1831 1685 1875 1746 13-

314 1791 378 1853 que
400 1778 552 1854 promitto
575 1793 626 1840 me
649 1777 728 1840 nulli
752 1779 973 1856 propositioni,
998 1779 1067 1840 sive
1122 1780 1237 1842 cobum
1255 1776 1417 1840 Antonelli
1434 1775 1465 1838 S.
1483 1777 1518 1838 R.
1536 1777 1572 1838 E.
1589 1775 1790 1840 Cardinalem
1806 1777 1875 1840 Dia·

316 1884 451 1946 persona
482 1870 550 1932 sive
582 1873 726 1944 consilio,
754 1871 952 1943 adiuturum,
983 1886 1064 1948 qnae
1121 1888 1238 1935 conum
1272 1870 1403 1934 Sanctae
1431 1869 1572 1948 Agathae
1605 1869 1642 1931 ad
1679 1867 1873 1944 Saburram,

1164 1405 1316 1469 Sanctitas
1334 1403 1395 1466 Sua
1412 1403 1565 1467 Summus
1581 1403 1728 1466 Pontifex
1744 1404 1816 1466 Pius
1832 1405 1873 1468 lii

314 1962 450 2024 nationis
476 1963 743 2042 independentiae
765 1965 817 2027 vel
845 1964 1064 2041 tranquillitati

315 2055 459 2131 publicae
482 2065 594 2120 noceat
608 2077 637 2118 a.

353 2146 442 2224 §RS
466 2149 667 2213 Permittitur
699 2155 734 2212 ut
754 2152 787 2212 13
819 2151 979 2228 antiquata
1004 2151 1066 2213 col-

315 2242 395 2305 lecta
423 2251 488 2306 «et
509 2243 646 2305 lamulos
676 2250 780 2305 tuos»
809 2260 1065 2306 commemoren-

316 2343 367 2398 tur
386 2335 433 2416 (l)
461 2343 532 2415 post
554 2337 732 2400 sanctitatis
756 2335 837 2399 Suae
859 2344 892 2400 ot
914 2337 1064 2417 Episcopi

314 2427 492 2492 dioecesani
515 2445 643 2501 nomen.
667 2429 747 2492 illud
770 2431 926 2492 Praesidis
950 2430 1065 2510 Reipu-

314 2521 431 2594 blicae,
462 2524 615 2586 diceudo:
647 2532 712 2588 cet
740 2524 982 2603 Rempnblicam
1010 2542 1064 2590 no-

313 2622 411 2676 stram
435 2617 659 2680 cumPraeside
681 2635 741 2681 suo
762 2618 800 2681 N.
817 2637 846 2678 ›.

352 2707 441 2784 529.
465 2709 597 2788 Reliqua
620 2713 725 2774 omnia
747 2714 784 2774 ad
807 2729 858 2776 res
877 2730 934 2776 seu
958 2730 1064 2792 perso-

313 2821 368 2865 nas
390 2803 616 2868 ecclesiasticas
638 2807 822 2882 spectantia,
840 2807 878 2868 de
901 2807 1017 2884 quibus
1032 2809 1065 2870 13

315 2897 401 2960 bisce
429 2897 571 2960 articulis
604 2897 690 2960 nulla
723 2899 827 2961 babila
859 2902 980 2963 mentio
1003 2908 1063 2974 est,

313 2997 417 3051 eruut
432 2991 564 3052 omnino
579 2991 746 3068 dirigenda
768 2999 800 3052 et
818 2992 1064 3056 administranda

314 3083 401 3144 iuxta
423 3085 589 3160 vigentem
612 3092 644 3146 et
665 3101 681 3146 a
704 3083 786 3148 Sede
808 3085 988 3165 Apostolica
1014 3103 1065 3165 ap·

316 3177 479 3257 probatam
501 3178 660 3242 Ecclesiae
682 3179 893 3257 disciplinam.

353 3274 372 3347 ς
393 3269 441 3334 30.
459 3272 519 3333 Per
536 3279 737 3350 praesentem
753 3275 1002 3338 couventionem
1021 3275 1064 3338 le-

314 3382 392 3442 ges,
425 3366 732 3438 administrationes,
757 3367 881 3430 decreta
904 3369 937 3430 13
959 3368 1064 3447 Repu-

315 3459 393 3522 blica
415 3462 455 3522 de
478 3459 661 3522 Veneauela
683 3475 889 3539 quocumque
917 3463 1011 3526 modo
1033 3471 1065 3525 et

313 3561 461 3631 tempore
478 3554 643 3630 bucusque
664 3553 735 3626 lata,
758 3555 791 3616 in
813 3563 970 3632 quantum
992 3573 1066 3619 con·

314 3647 458 3710 ventioni
480 3647 585 3710 eidem
614 3648 835 3720 adversantur,
860 3649 1010 3726 abrogata
1033 3667 1065 3712 o-

314 3743 426 3802 mnino
451 3747 643 3816 censentur;
674 3749 768 3818 atque
789 3741 900 3804 eadem
926 3758 1064 3805 conven-

315 3835 358 3898 tio
390 3835 492 3898 veluti
525 3835 576 3898 131
607 3841 708 3896 status
738 3837 770 3896 in
793 3835 940 3898 luturnm
970 3853 1065 3899 omne

314 3940 441 4008 tempus
463 3927 599 3991 valitura
621 3929 803 3991 habebitur.
896 4003 899 4008 ,

354 4022 386 4084 Si
417 4035 498 4098 quae
530 4021 561 4082 in
596 4030 761 4099 posterum
792 4039 889 4102 super
919 4023 955 4085 iis
985 4039 1064 4102 quae

313 4122 470 4178 conventa
501 4121 597 4186 sunt,
623 4118 852 4194 supervenerit
884 4118 1062 4190 difficultas,

314 4208 469 4272 Sanctitas
499 4207 560 4271 Sua
581 4215 613 4270 et
634 4205 837 4287 Reipublicae
868 4211 996 4274 Praeses
1018 4213 1064 4274 in-

314 4303 418 4366 vicem
452 4303 621 4366 conlorent
651 4303 779 4366 adrem
805 4305 905 4367 amice
938 4322 1065 4384 compo-

315 4397 463 4459 nondam.

354 4494 372 4568 5
394 4491 444 4552 31.
468 4490 700 4554 Ratidcationes
724 4493 899 4570 praesentis
927 4509 1065 4556 conven-

315 4586 410 4648 tionis
427 4591 540 4647 muttto
555 4585 722 4648 tradentur
740 4586 858 4648 Romae
875 4587 970 4649 unius
992 4589 1065 4650 anni

314 4679 426 4758 spatio,
449 4685 504 4740 aut
525 4677 628 4750 citius,
651 4678 676 4739 si
700 4679 769 4740 lieri
793 4681 921 4757 poterit.

354 4771 388 4834 lu
410 4785 550 4848 quorum
566 4772 674 4844 tidem,
692 4773 844 4850 praedicti
867 4773 1065 4852 plenipoten-

315 4866 397 4928 tiarii
433 4864 592 4942 praesenti
628 4865 834 4927 conventioni
869 4866 1065 4948 subscripse-

315 4967 408 5030 runt,
432 4958 584 5034 illamque
610 4975 668 5020 suo
695 4959 832 5035 quisque
854 4959 961 5037 sigillo
984 4963 1065 5024 obsi-

315 5053 434 5130 gnavit.

356 5147 466 5208 batum
482 5145 610 5217 Romae,
628 5146 679 5209 die
696 5161 772 5208 1111
792 5147 861 5209 13111
877 5163 1062 5212 1133331111.

508 5279 657 5343 1.(111111.
683 5279 861 5342 duroverni

631 5413 779 5476 Silvester
801 5414 945 5480 Suerore

513 5521 607 5584 111311.
625 5521 665 5584 de
679 5520 809 5582 Caracas
831 5521 1061 5601 yVenezuela.

1121 1982 1215 2028 suum
1239 1965 1419 2027 blinistrum
1442 1962 1609 2041 apublicis
1631 1964 1792 2039 negotiis;

1162 2061 1200 2122 Et
1239 2057 1442 2138 Reipublicae
1477 2058 1607 2120 Praeses
1644 2056 1874 2120 excellentissi-

1121 2171 1209 2216 mum
1233 2155 1391 2230 ignatium
1410 2150 1579 2216 Ordonuez
1610 2151 1799 2215 cathedralis
1822 2169 1874 2214 ec-

1121 2247 1235 2310 clesiae
1265 2245 1485 2310 Choucliensis
1508 2245 1540 2306 in
1563 2246 1675 2308 eadem
1699 2245 1869 2324 Republica

1120 2340 1379 2402 archidiaconum
1402 2343 1462 2398 etc.
1487 2343 1547 2400 etc.

1160 2432 1218 2507 Qui
1242 2440 1310 2512 post
1332 2437 1445 2493 mutuo
1463 2431 1572 2492 tradita
1589 2432 1786 2508 respectivao
1808 2431 1873 2510 ple·

1121 2526 1316 2605 nipotentiae
1339 2526 1553 2588 instrumenta
1579 2525 1618 2586 de
1641 2525 1696 2597 iis,
1721 2539 1802 2602 quae
1824 2541 1872 2586 se-

1120 2627 1276 2698 quuntur,
1301 2627 1543 2682 convenerunt:

1159 2715 1228 2790 51.
1256 2713 1379 2791 Religio
1411 2711 1571 2776 catholica
1604 2710 1782 2790 Apostolica
1814 2711 1874 2773 Ro·

1120 2824 1211 2870 mana
1235 2824 1304 2870 esse
1327 2816 1441 2885 perget
1456 2806 1573 2883 religio
1594 2805 1798 2883 Reipublicae
1813 2808 1871 2866 Ae-

1120 2901 1260 2978 quatoris
1282 2908 1377 2978 atque
1399 2899 1475 2962 inibi
1498 2907 1579 2962 serta
1601 2906 1683 2982 tecta
1713 2905 1871 2977 perpetuo

1120 2994 1363 3058 conservabitur
1379 3009 1451 3058 cum
1475 2994 1624 3055 omnibus
1641 2993 1679 3054 iis
1701 2993 1826 3055 iuribus
1842 2999 1875 3056 et

1121 3089 1351 3170 praerogativis
1367 3087 1483 3165 quibus
1500 3085 1563 3148 lrui
1584 3086 1681 3149 debet
1695 3101 1735 3148 en
1750 3085 1806 3149 Rei
1823 3102 1873 3148 or-

1120 3183 1281 3246 dinatione
1304 3188 1336 3243 et
1356 3181 1516 3244 canonicis
1539 3180 1766 3258 sanctionibus.
1790 3179 1872 3254 Quo·

1120 3278 1201 3340 circa
1223 3277 1255 3338 13
1281 3276 1471 3352 aequatoris
1493 3274 1676 3353 Reipublica
1705 3289 1871 3351 nunquam

1121 3370 1263 3447 permitti
1286 3369 1405 3448 poterit
1425 3368 1506 3430 alius
1538 3368 1642 3431 cultus
1664 3365 1717 3428 vel
1738 3366 1871 3430 societas

1119 3480 1199 3542 quae
1222 3464 1321 3528 luerit
1342 3463 1487 3526 damnata
1508 3463 1546 3528 ab
1568 3461 1717 3526 Ecclesia.
1937 3527 1944 3542 ,

1158 3559 1227 3634 52.
1251 3558 1285 3619 13
1308 3557 1458 3619 omnibus
1490 3555 1710 3627 dioecesibus,
1734 3570 1815 3632 quae
1838 3555 1871 3617 in

1121 3653 1297 3731 praesentia
1317 3651 1470 3722 existunt,
1487 3649 1541 3712 vel
1562 3649 1595 3710 13
1618 3656 1784 3726 posterum
1808 3650 1870 3712 eri·

1120 3754 1250 3824 gentnr,
1264 3745 1404 3807 existere
1422 3744 1551 3806 debebit
1565 3744 1773 3806 seminarium
1786 3744 1872 3806 dioe-

1120 3855 1281 3910 cesanum,
1297 3838 1388 3900 cuius
1404 3837 1597 3914 procuratio,
1610 3835 1759 3913 regimen
1772 3843 1804 3898 et
1819 3837 1870 3900 ad·

1120 3931 1311 3994 ministratio
1334 3929 1436 3992 1111313
1458 3936 1553 4006 atque
1575 3929 1668 3990 unice
1698 3929 1873 4007 pertinebit

1119 4027 1155 4088 ad
1178 4026 1382 4088 dioecesanos
1414 4021 1598 4087 Ordinarios
1620 4023 1707 4085 iunta
1737 4023 1871 4085 Concilii

1119 4119 1297 4182 Tridentini
1327 4119 1518 4196 praescripta
1541 4124 1573 4179 et
1601 4116 1675 4178 31133
1706 4118 1871 4180 3113331333

1120 4215 1219 4292 leges.
1245 4213 1407 4284 Rectoros,
1425 4211 1624 4290 prolessores
1645 4217 1676 4272 et
1690 4209 1741 4273 alii
1764 4209 1871 4288 aliquo

1121 4324 1256 4370 munere
1279 4306 1452 4382 iungentes
1483 4312 1551 4366 tum
1573 4305 1606 4366 in
1633 4302 1796 4366 tradendis
1817 4303 1871 4366 do-

1120 4401 1229 4464 ctrinis
1251 4408 1319 4462 tum
1341 4400 1374 4462 13
1396 4399 1511 4462 11311313
1527 4398 1709 4475 ,dirigendis
1735 4396 1871 4460 semina·

1119 4497 1174 4557 riis
1196 4496 1233 4557 ab
1255 4494 1331 4572 ipsis
1356 4493 1529 4558 Ordinariis
1561 4491 1662 4555 libere
1693 4498 1792 4556 erunt
1816 4507 1871 4554 no-

1120 4589 1261 4652 minandi
1282 4589 1335 4651 vel
1357 4587 1539 4650 amovendi.
1898 4603 1903 4612 ’

1159 4683 1228 4758 53.
1251 4681 1429 4744 iuventutis
1461 4681 1619 4744 institutio
1652 4681 1684 4742 in
1712 4680 1870 4743 universi-

1120 4777 1256 4848 tatibus,
1293 4775 1458 4852 collegiis,
1495 4773 1718 4843 lacultatibus,
1754 4772 1871 4842 scholis

1120 4877 1182 4932 tam
1206 4869 1340 4946 publicis
1356 4883 1450 4946 quam
1474 4867 1605 4947 privatis
1623 4869 1686 4931 erit
1699 4883 1775 4929 sane
1797 4883 1871 4930 con-

1119 4963 1231 5028 1311313
1249 4963 1411 5026 1133111333
1434 4963 1601 5040 religionis
1622 4961 1806 5024 catholicae.
1831 4962 1870 5022 E·

1120 5059 1238 5137 piscopi
1261 5057 1357 5120 unice
1385 5057 1456 5120 inre
1489 5057 1657 5134 pollebunt
1682 5055 1870 5132 designandi

1119 5151 1219 5214 libros
1241 5166 1298 5212 seu
1321 5156 1428 5212 tentus
1450 5149 1505 5227 qui
1533 5147 1703 5211 adhibendi
1735 5148 1870 5210 suntad

1119 5244 1347 5307 ecclesiasticas
1361 5242 1506 5304 scientias
1525 5241 1704 5314 tradendas,
1721 5247 1817 5318 atque
1832 5242 1869 5304 ad

1118 5337 1354 5402 institutionem
1378 5351 1458 5412 quae
1480 5336 1673 5413 religionem
1696 5333 1870 5411 moresque

1119 5437 1274 5509 spectant.
1307 5430 1441 5508 insuper
1462 5429 1608 5508 Episcopi
1631 5427 1749 5506 aliique
1781 5425 1870 5490 Ordi-

1119 5525 1198 5587 narii
1222 5525 1386 5586 dntistites
1402 5524 1494 5602 plena
1510 5523 1656 5586 libertate
1672 5521 1871 5586 exercebunt

1119 5620 1168 5680 ius
1190 5634 1304 5680 eornm
1338 5619 1505 5698 proprium
1527 5617 1748 5696 proscribendi
1771 5615 1870 5678 libros

1119 5713 1269 5790 religioni
1281 5713 1439 5790 bonisque
1451 5711 1593 5774 moribus
1604 5712 1764 5786 adversos;
1778 5710 1870 5772 item·

353 5955 382 6008 (l)
399 5956 496 5997 Eorsan
512 5953 651 6007 legendum
667 5957 719 5997 est:
732 5959 793 6005 post
810 5957 887 5997 rerba
902 5953 1014 5998 1111113133
1032 5957 1090 6000 tuos
1105 5947 1331 5998 ronnnemoretarr
1346 5957 1401 5997 eto.

353 6023 383 6076 (2)
398 6019 462 6066 vide
477 6019 547 6066 111113
563 6031 656 6065 novam
671 6019 873 6065 conventionem
888 6021 983 6066 initum
999 6021 1032 6066 ab
1047 6022 1138 6066 eadem
1154 6021 1298 6077 Republica
1311 6029 1371 6066 cum
1394 6023 1417 6064 s.
1433 6023 1459 6064 P.
1474 6023 1558 6066 Leone
1572 6021 1636 6064 xiil.
