4836 7002
893 574 1093 620 beneolentis
1114 575 1165 620 ΡΡ.
1189 572 1255 620 xlv.

296 695 402 758 literas
424 694 656 758 testimoniales
677 701 741 756 tam
756 708 854 770 super
868 707 982 754 eorum
998 708 1043 752 sa-

296 791 450 862 cerdotio,
473 805 568 868 quam
592 803 691 866 super
712 803 768 848 sua
790 785 995 864 deputatione
1010 803 1044 846 ae

296 883 507 956 bonitatibus,
524 883 583 944 sihi
598 882 712 958 vigore
734 879 952 958 praesentium
971 894 1044 940 con-

295 978 391 1039 cessis
421 993 478 1055 pro
500 973 658 1039 eiusmodi
685 989 822 1035 munere
850 972 1041 1041 exercendo,

296 1071 443 1150 parochis
464 1070 609 1133 locorum
633 1067 788 1130 exhihere
803 1066 949 1128 debeant.
973 1065 1044 1139 Qui·

297 1165 354 1226 bus
376 1165 474 1236 visis,
498 1163 530 1224 hi
553 1178 617 1224 non
650 1159 846 1240 impediant,
871 1159 1044 1236 quominus

298 1261 426 1320 missam
449 1258 481 1319 in
503 1257 571 1318 suis
592 1253 735 1317 ecelesiis
763 1253 928 1315 celebrare
957 1269 991 1313 ac
1012 1253 1043 1314 in

297 1353 362 1414 vim
385 1352 574 1414 earumdem
590 1349 776 1412 lacultatum
788 1353 984 1410 sacramenta
1000 1355 1043 1408 et-

297 1447 357 1508 iam
375 1445 565 1525 parochialia
582 1443 766 1506 ministrare
782 1443 919 1516 valeant;
933 1441 1044 1517 quodsi

296 1559 335 1604 eo
358 1549 504 1618 ternpore
520 1537 762 1600 matrimonium
780 1536 864 1597 inter
880 1550 1043 1613 personas,

296 1650 434 1712 quarum
457 1631 556 1695 altera
578 1631 726 1693 militaris
747 1629 788 1692 sit
813 1645 871 1690 seu
893 1628 929 1688 ad
945 1628 1045 1690 dictos

296 1727 457 1789 exercitus
481 1725 650 1804 pertineat,
671 1722 780 1799 ibique
802 1721 967 1783 occasione
987 1727 1046 1782 sta-

297 1823 422 1884 tionum
445 1819 678 1899 praedictarum
700 1821 931 1885 commoretur,
948 1813 1045 1876 altera

297 1931 376 1976 vero
392 1913 530 1993 parocho
546 1912 607 1974 loci
621 1910 747 1972 subdita
766 1908 957 1986 reperiatur,
974 1922 1046 1968 cou-

297 2010 380 2072 trahi
408 2007 591 2083 contingat,
619 2021 657 2066 eo
686 2019 779 2075 casu,
804 2018 863 2064 nec
891 2001 1046 2078 parochus

297 2105 367 2166 sine
382 2101 547 2164 sacerdote
564 2098 761 2168 huiusmodi,
775 2112 834 2158 nec
845 2094 985 2158 vicissim
1002 2110 1047 2155 sa-

297 2199 410 2260 cerdos
426 2196 496 2258 sine
512 2193 650 2273 parocho
667 2189 875 2255 celebrationi
890 2187 1046 2250 eiusmodi

298 2290 495 2354 matrimonii
535 2288 659 2348 assistat
696 2291 750 2346 aut
789 2282 1047 2345 benedictionem

298 2387 523 2465 impertiatur,
551 2381 605 2443 sed
628 2379 722 2442 ambo
751 2375 973 2452 simul'atque
1000 2391 1047 2436 aa·

298 2481 437 2558 qualiter
458 2476 558 2539 stolae
581 2473 811 2542 emolumenta,
826 2471 852 2532 si
867 2485 948 2547 quae
963 2468 1049 2530 licite

299 2574 419 2654 percipi
441 2571 557 2642 solent,
580 2569 733 2646 accipiant
754 2575 786 2628 et
807 2567 892 2626 inter
914 2581 948 2625 se
971 2562 1047 2624 divi·

299 2671 385 2730 dant.
420 2666 491 2728 Non
524 2661 724 2726 obstantibus
754 2657 934 2738 apostolicis
961 2673 996 2718 ac
1017 2657 1048 2718 in

300 2759 537 2824 universalibus
573 2754 888 2835 provincialibusque
924 2757 956 2814 et
977 2767 1049 2830 syn-

300 2856 445 2918 odalibus
467 2851 609 2915 conciliis
631 2849 723 2912 editis
738 2848 1008 2926 quibuscumque.

339 2949 454 3010 Datum
478 2947 511 3008 in
533 2946 615 3008 Arce
637 2941 829 3019 dandulphi,
849 2940 909 3002 sub
931 2939 1049 3000 annulo

300 3045 426 3112 Piscat,
450 3040 501 3101 die
524 3053 637 3098 nsvin.
667 3035 739 3095 maii
762 3049 949 3103 nocentur..
973 3047 1050 3110 pon-

302 3139 439 3200 tilicatus
462 3132 564 3196 nostri
586 3145 669 3192 anno
693 3145 735 3189 vr.
758 3127 815 3208 (l).

649 3415 701 3479 Vl.

1101 707 1305 764 moneamus,
1336 692 1426 754 robis
1455 690 1723 756 considerandum
1753 688 1850 751 relin-

1100 785 1239 864 quimus.

1140 879 1204 941 Nos
1219 879 1361 957 quidem,
1376 880 1415 940 de
1429 879 1649 958 propagandae
1662 877 1851 939 christianae

1101 973 1268 1050 religionis
1296 973 1474 1036 rationibus
1497 983 1529 1036 et
1550 973 1757 1036 incrementis
1789 972 1851 1034 sol-

1101 1067 1189 1140 liciti,
1213 1068 1249 1130 ad
1279 1067 1535 1130 lunestissimum
1563 1068 1747 1130 huiusmodi
1770 1083 1851 1128 nun-

1103 1162 1193 1234 tium,
1217 1162 1319 1225 veluti
1341 1162 1547 1224 acerbissimo
1568 1162 1688 1224 inllicto
1715 1161 1851 1222 vulnere

1102 1255 1253 1332 perculsi,
1271 1273 1371 1333 paene
1392 1256 1602 1328 concidimus,
1619 1256 1765 1318 dolentes
1787 1271 1851 1316 ma-

1101 1349 1189 1412 xime
1205 1365 1297 1427 quae,
1311 1350 1403 1411 vobis
1419 1351 1493 1412 inde
1509 1350 1630 1421 eiectis,
1645 1349 1851 1411 fundamenta

1102 1444 1261 1507 Ecclesiae
1287 1444 1357 1506 istic
1380 1445 1479 1506 locata
1493 1442 1632 1506 convelli
1648 1443 1850 1512 viderentur,

1102 1543 1144 1610 et,
1168 1537 1260 1600 vobis
1275 1538 1455 1616 pastoribus
1471 1538 1504 1599 in
1519 1538 1734 1615 captivitatem
1756 1538 1852 1601 abdu-

1102 1631 1171 1703 ctis,
1190 1647 1265 1693 oves
1280 1631 1398 1692 Christi
1421 1632 1537 1694 tierent
1552 1632 1584 1693 in
1605 1632 1850 1709 dispersionem,

1102 1733 1197 1804 atque
1224 1726 1289 1804 ipsa
1316 1725 1507 1788 christianae
1535 1725 1616 1802 legis
1646 1725 1684 1787 ab
1713 1733 1852 1788 anteces-

1103 1821 1229 1883 soribus
1252 1820 1380 1890 vestris,
1398 1820 1437 1881 de
1452 1819 1604 1881 catholica
1620 1820 1683 1881 ilde
1703 1819 1853 1881 beneme-

1103 1913 1305 1984 rentissimis,
1330 1928 1387 1991 per
1410 1919 1456 1974 tot
1477 1913 1603 1974 labores
1626 1929 1659 1973 ac
1681 1912 1765 1974 vitae
1792 1913 1853 1974 dis-

1103 2007 1236 2070 crimina
1263 2007 1448 2068 confirmata
1475 2007 1623 2068 sanctitas
1645 2007 1854 2069 veneratione

1105 2101 1220 2173 hahita,
1245 2100 1425 2180 opprobriis
1452 2108 1484 2162 et
1504 2100 1672 2162 calumniis
1700 2102 1852 2174 traducta,

1104 2195 1141 2256 ab
1163 2195 1299 2263 istorum
1323 2194 1515 2273 populorum
1545 2193 1696 2256 cordibus
1728 2195 1854 2273 penitus

1105 2289 1364 2366 extingueretur.

1145 2383 1256 2446 Divina
1279 2399 1358 2444 vero
1387 2383 1543 2462 promissa
1572 2391 1604 2446 et
1624 2383 1761 2447 illustria
1783 2401 1855 2462 apo·

1105 2478 1291 2540 stolicorum
1316 2477 1461 2538 virorum
1485 2477 1765 2555 exemplandam
1786 2495 1855 2555 gra-

1106 2572 1236 2633 vissimo
1252 2586 1403 2632 moerore
1418 2571 1569 2643 iacentes,
1581 2571 1614 2632 in
1630 2579 1748 2635 tantam
1765 2588 1853 2650 spem

1106 2671 1294 2735 erexerunt,
1311 2671 1347 2724 ut
1362 2664 1478 2725 vestris
1496 2665 1756 2727 tribulationibus
1771 2682 1855 2729 com-

1107 2759 1274 2826 municari,
1289 2757 1405 2818 vestris
1428 2757 1523 2818 etiam
1545 2759 1673 2820 coronis
1689 2757 1856 2836 participes

1106 2853 1207 2915 iuturi
1231 2859 1426 2930 optaremus.
1458 2850 1605 2914 Vestram
1629 2851 1715 2914 enim
1739 2853 1853 2924 tidem,

1107 2963 1188 3024 quae
1210 2947 1313 3008 multo
1330 2946 1501 3024 pretiosior
1516 2952 1574 3017 est,
1593 2947 1739 3024 probare,
1754 2947 1856 3010 veluti

1107 3042 1211 3120 ipsum
1227 3055 1354 3112 aurum,
1370 3039 1441 3101 vult
1457 3040 1749 3102 misericordiarum
1765 3042 1856 3104 Pater

1108 3142 1140 3197 et
1161 3137 1321 3197 bonorum
1355 3135 1501 3196 omnium
1534 3133 1668 3211 largitor
1695 3134 1797 3208 neus,
1821 3143 1858 3198 ut

1107 3245 1164 3307 per
1195 3227 1355 3306 praeclara
1382 3219 1581 3290 christianae
1600 3227 1799 3290 tortitudinis
1825 3235 1858 3290 et

1107 3323 1277 3401 patientiae
1305 3327 1431 3383 vestrae
1460 3321 1652 3384 documenta
1681 3340 1715 3385 ac
1743 3325 1856 3386 merita

1106 3417 1203 3478 iidem
1235 3415 1366 3492 quidem
1399 3414 1509 3492 populi
1529 3429 1556 3475 'a
1588 3415 1679 3477 vobis
1711 3417 1857 3479 instructi

1011 3502 1014 3508 ’
1107 3510 1208 3587 magis
1240 3509 1407 3586 magisque
1436 3509 1468 3570 in
1498 3509 1621 3570 traditis
1653 3512 1857 3588 evangelicae

306 3608 484 3689 ingemiscit
506 3605 587 3685 quod
613 3603 789 3684 persecutio
811 3601 846 3664 io
869 3600 955 3663 Sinis
976 3599 1047 3678 sacra-

342 3703 494 3764 domento
520 3697 679 3761 Ecclesiae
695 3693 1050 3764 cadentemcadentem

342 3803 449 3859 tomen
465 3793 627 3876 praesules
649 3792 802 3853 bortatur
824 3789 865 3851 ed
892 3787 1050 3868 praelium

346 3889 400 3951 ilci
420 3885 647 3968 praeliandum
667 3884 723 3964 (2).

304 4072 534 4140 venerabilibus
557 4070 705 4137 iratribus
723 4073 756 4134 et
771 4068 887 4135 dilectis
904 4068 975 4135 liliis
994 4068 1050 4134 hn-

342 4167 504 4243 uelitibus,
538 4164 659 4230 vicariis
688 4168 721 4229 et
750 4162 950 4229 missionariis
980 4179 1050 4244 apo-

344 4259 463 4326 stolicis
488 4259 515 4324 in
539 4254 679 4323 Sinerem
703 4256 825 4340 imperio
847 4257 1031 4333 constitutis,

465 4441 709 4512 benedictus
732 4443 793 4509 ΡΡ.
818 4441 891 4509 tlt.
919 4467 923 4481 ·

454 4633 550 4700 teon.
573 4633 699 4712 iratres,
722 4632 822 4698 dilecti
844 4632 908 4710 lilii,

338 4729 468 4796 salutem
491 4732 523 4794 et
545 4726 744 4810 apostolicam
767 4726 1018 4792 benedictionem.

345 4906 508 4982 (lectiores
540 4917 611 4980 lacti
644 4917 683 4978 de
715 4924 823 4978 coorta
851 4918 1054 4979 saevissimae

306 5010 539 5092 persecutionis
567 5015 774 5088 tempestate,
800 5017 931 5088 propter
959 5026 1053 5088 quam

306 5107 420 5184 partim
445 5121 485 5167 ex
499 5104 591 5166 robis
606 5103 777 5166 Amacaum
793 5104 825 5165 in
841 5104 975 5166 exilium
994 5112 1055 5166 tra-

306 5199 521 5278 ctos,parti1n
543 5197 724 5260 carceribus
745 5197 947 5275 vinculisque
969 5215 1055 5260 man-

307 5294 435 5372 cipatus,
450 5293 566 5371 partim
589 5291 729 5353 latibulis
751 5307 785 5353 ac
807 5290 949 5353 tenebris
971 5291 1054 5354 abdi-

309 5395 367 5459 tos,
392 5385 562 5464 partimin
591 5384 666 5447 alias
693 5385 872 5462 provincias
901 5385 1055 5462 prolugos

309 5496 377 5542 esse
399 5479 589 5558 accepimus,
607 5493 665 5556 per
687 5479 780 5540 hasce
802 5486 926 5540 nostras
949 5477 1055 5540 lnior-

310 5589 358 5634 ma
379 5573 486 5635 brevis
507 5573 641 5644 litteras,
659 5585 735 5649 quas
756 5572 890 5648 insignis
909 5573 1057 5650 apostoli-

311 5683 362 5730 cae
384 5671 510 5729 nostrae
531 5682 608 5744 erga
636 5680 694 5728 vos
724 5666 861 5728 caritatis
882 5673 981 5728 testes
1006 5665 1056 5727 da-

312 5777 392 5834 mus,
409 5760 717 5839 congratulemurne
737 5759 902 5822 uobiscum
919 5776 958 5822 an
973 5775 1056 5822 oom-

818 5899 895 5905 ——...
902 5899 1043 5906 .—....—-

1107 3604 1271 3666 doctrinae
1302 3603 1478 3681 praeceptis
1513 3603 1769 3677 confirmentur,
1800 3622 1857 3668 vos

1106 3712 1185 3758 vero
1208 3695 1353 3772 legitime
1374 3701 1532 3756 certantes
1551 3695 1722 3774 repositam
1738 3696 1771 3758 in
1785 3714 1857 3760 coe-

1106 3791 1145 3853 lis
1160 3789 1299 3852 iustitiae
1315 3788 1497 3850 mercedem
1514 3788 1642 3867 plenam
1657 3791 1857 3853 uberiorem-

1106 3902 1170 3964 que
1191 3883 1358 3962 accipiatis.

1146 3981 1181 4042 ln
1202 3980 1393 4043 memoriam
1414 3985 1556 4040 vestram
1577 3985 1738 4052 revocate,
1761 3994 1858 4042 vene-

1108 4075 1223 4136 rabiles
1246 4073 1379 4144 iratres,
1404 4073 1511 4134 dilecti
1534 4072 1609 4144 lilii,
1634 4074 1718 4150 quod
1746 4088 1803 4135 vos
1825 4075 1857 4136 in

1108 4183 1221 4232 eorum
1245 4168 1351 4229 locum
1372 4167 1578 4238 successistis,
1596 4167 1662 4244 qui,
1679 4167 1761 4229 sicut
1783 4183 1859 4228 oves

1107 4263 1193 4324 inter
1215 4262 1308 4340 lupos
1323 4278 1339 4321 a
1354 4260 1490 4322 Domino
1506 4261 1606 4332 missi,
1624 4260 1772 4322 humanis
1786 4261 1859 4323 sub-

999 4403 1001 4410 .
1108 4355 1197 4418 sidiis
1218 4353 1374 4424 destituti,
1396 4354 1452 4415 sed
1474 4353 1547 4416 lidei
1569 4359 1712 4431 potentia
1733 4353 1857 4424 armati,

1108 4449 1196 4512 ibant
1215 4447 1390 4525 gaudentes
1409 4463 1425 4507 a
1440 4452 1613 4525 conspectu
1629 4446 1765 4518 concilii,
1782 4462 1860 4524 quo-

1110 4543 1194 4605 niam
1217 4540 1306 4619 digni
1328 4539 1426 4602 habiti
1448 4547 1523 4602 sunt
1544 4557 1602 4619 pro
1631 4541 1763 4602 nomine
1788 4539 1858 4603 lesu

1110 4635 1338 4699 contumeliam
1360 4635 1444 4712 pati,
1468 4651 1527 4697 nec
1555 4635 1710 4697 iaciebant
1740 4635 1859 4696 animas

1110 4747 1182 4792 suas
1204 4729 1423 4808 pretiosiores,
1442 4745 1537 4806 quam
1560 4735 1595 4792 ut
1610 4729 1679 4791 illas
1702 4737 1861 4808 ponerent

1110 4840 1169 4903 pro
1191 4823 1328 4885 inimicis
1357 4823 1434 4884 suis.
1466 4821 1594 4886 Certate
1616 4823 1716 4900 igitur
1737 4823 1857 4885 bonum

1110 4924 1285 4990 certamen,
1308 4932 1439 4979 cursum
1461 4923 1694 4989 consummate,
1716 4924 1748 4978 et
1768 4917 1860 4978 susti-

1112 5019 1186 5073 nete
1208 5017 1473 5072 momentaneum
1497 5016 1529 5071 et
1549 5009 1622 5072 leve
1644 5009 1860 5072 tribulationis

1111 5112 1255 5176 vestrae,
1280 5103 1366 5180 quod
1394 5109 1562 5165 aeternum
1592 5103 1714 5180 gloriae
1736 5104 1861 5182 pondus

1113 5204 1263 5276 operatur
1285 5197 1317 5258 in
1340 5197 1449 5259 coelis.
1473 5195 1578 5259 Nolite
1608 5197 1757 5260 amittere
1788 5213 1861 5260 con-

1113 5291 1277 5354 fidentiam
1306 5297 1446 5352 vestram
1477 5296 1509 5352 et
1536 5291 1745 5352 constantiam
1774 5291 1859 5363 lldei,

1112 5399 1208 5462 quam
1221 5383 1462 5462 praedicandam
1474 5383 1670 5463 suscepistis,
1681 5390 1714 5446 et
1723 5384 1759 5445 ad
1770 5383 1861 5446 Chri-

1111 5485 1196 5540 stum
1221 5478 1335 5539 ducem
1358 5493 1376 5538 e
1397 5477 1487 5540 coelo
1514 5485 1712 5556 spectantem
1742 5495 1861 5556 agones

1112 5577 1238 5634 vestros
1266 5578 1299 5634 et
1324 5571 1492 5634 vobiscum
1518 5579 1695 5635 certantem
1717 5580 1749 5635 et
1769 5573 1862 5636 vobis

1113 5665 1273 5744 suppetias
1288 5664 1447 5728 lerentem
1463 5666 1624 5744 respicite.
1647 5666 1704 5728 lile
1726 5667 1813 5728 enim
1829 5668 1861 5728 in

1115 5758 1205 5821 vohis
1227 5759 1358 5822 vincere
1379 5775 1499 5832 amans,
1513 5760 1615 5822 iustus
1636 5767 1862 5823 remunerator

351 5977 380 6032 tl)
395 5979 433 6021 Ex
447 5979 498 6021 vet.
514 5977 613 6022 Butler.
630 5979 654 6020 s.
669 5979 694 6020 (t.
710 5975 742 6020 de
756 5977 782 6019 P.
798 5977 824 6020 ll.
840 5977 900 6020 tom.
916 5977 938 6032 2,
953 5985 1012 6032 pag.
1027 5977 1074 6019 129.
1089 5999 1114 6007 -
1130 5977 1160 6028 (²)
1176 5975 1222 6021 Dal
1235 5976 1289 6021 Bol.
1305 5977 1461 6033 portogueze
1475 5986 1534 6033 pag.
1548 5977 1597 6021 932.

1774 551 1831 614 {67
1887 554 1939 608 An.
1953 552 1981 608 C.
1996 551 2065 608 itte
