4756 6994
316 570 368 626 An.
383 569 411 626 C.
426 570 494 626 1752

326 1191 435 1236 Decreta
455 1189 514 1234 irri-

298 1243 398 1298 133113,
419 1243 513 1288 iisdem

300 1295 448 1353 privilegiis
470 1307 513 1353 ap·

299 1350 435 1414 36611333
443 1350 512 1396 riam

299 1414 367 1448 ruris
398 1413 514 1448 commu·

299 1457 340 1502 nis
373 1456 514 1502 reducun-

298 1515 351 1556 1111.

317 5775 458 5824 Clausulas
471 5775 505 5823 ed
562 5765 581 5840 ἓ

289 5834 443 5888 praesentes
474 5829 505 5876 li·

290 5891 362 5930 teres
376 5887 506 5942 perpetuo

290 5938 441 5984 servandas.

552 571 610 634 136

531 709 609 771 61313
637 708 769 771 omnino
797 710 982 772 reducimus
1006 717 1038 772 et
1057 711 1188 774 reducta
1211 726 1280 773 esse

531 802 695 874 volumus
712 802 791 864 itaut
805 802 1020 881 imposterum
1036 803 1209 882 supradicti
1226 801 1281 866 Or-

532 895 622 958 dines
643 894 811 972 regulares
843 897 1032 959 earnmdem
1058 897 1227 959 literarum
1250 902 1282 959 et

532 988 799 1052 constitutionum
821 1005 894 1062 usu,
918 992 1089 1054 commodo
1111 997 1144 1052 et
1165 991 1280 1054 ellectu

532 1081 660 1160 penitus
682 1097 792 1144 carere
814 1081 933 1145 debere
954 1083 1190 1160 intelligantur.

572 1176 642 1252 §ln
666 1175 746 1239 Hinc
775 1176 814 1238 ad
845 1177 1097 1254 praemissorum
1131 1177 1280 1241 eflectum

533 1285 592 1348 pro
627 1269 726 1332 nullis
758 1279 791 1331 et
824 1270 951 1334 infectis
986 1270 1097 1332 baberi
1129 1270 1281 1333 volumus

533 1363 640 1424 omnia
672 1363 801 1425 decreta
825 1363 999 1434 1111133113,
1027 1364 1279 1442 prohibitiones,

532 1456 774 1528 declarationes,
798 1457 992 1520 mandatust
1012 1473 1236 1536 quaecumque
1248 1460 1282 1520 in

532 1549 634 1611 literis
655 1557 687 1610 et
708 1549 991 1614 constitutionibus
1013 1551 1182 1630 praedictis
1204 1567 1282 1629 quo-

532 1643 710 1706 modolibet
730 1642 882 1721 apposita,
899 1651 995 1720 atque
1015 1644 1074 1706 alia
1089 1646 1281 1708 eorumdem

531 1737 695 1800 occasione
717 1737 806 1808 13613,
831 1737 905 1799 buic
925 1738 1126 1814 reductioni,
1150 1740 1281 1802 decreto

530 1839 563 1893 et
576 1830 736 1894 voluntati
758 1837 885 1893 nostrae
907 1833 1214 1910 quomodocumque
1229 1835 1281 1895 ad-

530 1925 706 1998 versantia,
731 1925 990 2004 quibuscumque
1019 1941 1056 1988 33
1078 1933 1281 1990 666631633-

530 2028 619 2099 cepta
640 2019 806 2094 lormulis;
829 2036 864 2080 36
879 2020 1204 2098 praeservatiouibus,
1228 2021 1281 2083 de-

530 2113 766 2180 claratiouibus.
789 2115 1089 2186 modificationibus,
1107 2115 1281 2177 restrictio-

530 2209 642 2280 nibus,
680 2207 964 2286 explicationibus,
1002 2207 1280 2286 derogatoriarum

530 2301 742 2380 derogatoriis
774 2299 909 2377 aliisque
931 2301 1152 2374 validissimis,
1180 2303 1281 2365 effica-

530 2396 665 2460 cissimis
689 2403 721 2457 et
745 2393 984 2456 inviolabilibus
1005 2395 1168 2467 clausulis,
1192 2411 1281 2474 prae-

530 2490 643 2553 sertim
678 2489 764 2566 quod
801 2503 931 2566 semper
966 2487 999 2550 in
1035 2490 1104 2552 data
1139 2491 1280 2554 cuicum-

530 2599 593 2662 que
615 2581 853 2652 constitutioni,
879 2581 1009 2644 illarum
1041 2585 1277 2656 revocatoriae,

529 2679 743 2756 imposterum
779 2675 942 2746 edendae,
977 2677 1172 2753 posteriores
1207 2695 1280 2740 cen-

528 2776 674 2842 seantur,
699 2767 795 2830 etiam
818 2775 908 2830 motu
937 2769 1068 2847 proprio
1091 2777 1123 2832 et
1144 2778 1279 2848 potesta-

529 2866 569 2926 tis
592 2865 658 2943 pari
681 2861 882 2942 plenitudine
904 2879 938 2924 36
959 2879 999 2924 ex
1020 2869 1106 2926 certa
1128 2864 1277 2938 scientia,

530 2959 626 3022 etiam
648 2955 924 3028 consistorialiter,
948 2956 1044 3018 etiam
1070 2973 1129 3035 pro
1151 2975 1279 3022 conser-

529 3052 657 3113 vatione
688 3057 788 3112 status
817 3050 998 3126 regularis,
1021 3051 1117 3113 etiam
1148 3052 1183 3114 in
1211 3055 1278 3116 vim

529 3149 710 3208 contractus
742 3149 775 3204 et
798 3143 1014 3220 stipulationis
1045 3144 1131 3206 inter
1161 3144 1277 3210 Sedem

528 3235 743 3315 Apostolicam
766 3241 799 3297 ct
819 3233 952 3298 Ordines
971 3237 1147 3314 praedictos
1167 3239 1276 3316 initae,

529 3346 625 3409 quam
657 3330 696 3391 ad
727 3327 912 3390 huiusmodi
944 3329 1094 3392 edoctum
1126 3333 1278 3395 rescindi-

529 3439 623 3495 mus,
655 3429 687 3484 et
708 3438 747 3484 ex
777 3437 862 3483 nunc
892 3421 1058 3484 rescissam
1090 3423 1278 3502 nulliusque

528 3515 654 3578 roboris
677 3523 710 3578 et
730 3515 887 3577 momenti
910 3515 1148 3578 essevolumus
1171 3525 1203 3580 et
1224 3519 1278 3580 de·

528 3610 709 3684 cernimns3
732 3609 871 3686 ideoque
904 3623 1017 3670 omnes
1039 3609 1275 3685 dissensiones,

527 3703 750 3766 altercationes
772 3709 805 3765 61
826 3702 898 3765 lites
930 3717 1038 3764 coram
1069 3703 1277 3780 quibuscum·

528 3811 591 3874 que
613 3795 771 3860 iudicibus
804 3795 990 3869 ordinariis,
1013 3798 1276 3861 extraordinariis

528 3895 561 3952 et
581 3889 825 3962 commissariis,
850 3889 945 3952 etiam
974 3905 1141 3953 causarum
1171 3891 1277 3969 palatii

527 3984 630 4046 nostri
644 3983 842 4046 auditoribus
858 3989 890 4045 et
905 3981 1036 4046 Sanctae
1048 3983 1208 4048 Romanae
1220 3985 1277 4048 Ec·

527 4077 642 4140 6166136
662 4075 893 4148 cardinalibus,
916 4075 1010 4138 etiam
1033 4076 1195 4140 delatore
1218 4079 1276 4142 Le-

527 4171 619 4249 gatis,
636 4185 762 4233 necnon
777 4185 980 4247 quacumque
995 4172 1187 4233 eorumdem
1203 4172 1276 4237 Gar·

526 4264 680 4328 dinalium
696 4262 966 4340 congregatione,
983 4264 1217 4342 praedictarum
1240 4267 1276 4330 li-

525 4367 669 4420 terarum
692 4365 725 4419 61
744 4357 1011 4421 constitutionum
1032 4357 1198 4422 occasione
1212 4361 1273 4423 iant

525 4459 644 4524 motas,
679 4451 818 4514 necdum
851 4451 971 4514 decisas
992 4457 1047 4514 aut
1075 4451 1198 4525 linitas,
1222 4453 1275 4516 131

525 4546 621 4609 etiam
644 4560 725 4622 qnae
750 4545 812 4606 1313
834 4543 959 4606 decisae
981 4550 1107 4618 essent,
1129 4545 1155 4606 si
1178 4546 1274 4608 modo

524 4645 661 4702 tractum
677 4637 816 4700 habeant
834 4636 1053 4700 successivum
1066 4653 1185 4716 easque
1203 4653 1274 4701 rur-

523 4749 578 4794 sus
600 4732 814 4810 imposterum
836 4730 966 4794 excitari
989 4729 1164 4808 contingat,
1187 4732 1274 4794 iuxta

523 4826 603 4890 iuris
636 4825 828 4896 communis,
852 4822 986 4888 Consilii
1008 4823 1189 4888 Tridentini
1221 4825 1274 4888 de-

523 4925 689 4984 cretorum
721 4925 754 4982 et
787 4917 1054 4982 constitutionum
1090 4918 1275 4996 apostolica·

523 5029 598 5077 rum
620 5030 654 5078 ac
675 5019 878 5093 praesentem
901 5013 983 5074 banc
1004 5019 1147 5074 nostram
1170 5013 1274 5093 dispo-

523 5107 686 5180 sitionem,
704 5121 763 5168 uec
778 5105 882 5178 aliter,
896 5104 1086 5168 decidendas
1098 5120 1170 5168 esse
1185 5121 1274 5185 prae·

523 5201 670 5281 cipimus.
696 5199 817 5262 Futura
838 5214 917 5260 vero
939 5198 1033 5261 dubia
1055 5205 1088 5260 et
1109 5198 1274 5264 difficulta-

522 5303 583 5368 tes,
606 5293 804 5371 ubicumque
825 5301 857 5354 et
878 5292 1148 5370 quandocumque
1171 5293 1274 5355 orian-

523 5395 587 5460 tur,
619 5387 657 5450 ad
688 5401 747 5450 nos
778 5393 811 5449 et
840 5386 958 5450 Sedem
986 5385 1212 5466 apostoticam,
1236 5389 1274 5451 ad

522 5497 619 5561 quam
641 5480 878 5560 pontificiarum
895 5480 1163 5544 constitutionum
1178 5489 1274 5560 atque

522 5575 807 5640 ecclesiasticarum
828 5575 1029 5638 sanctionum
1049 5575 1274 5654 interpretatio

522 5669 675 5749 pertinet,
699 5669 870 5732 1613133113
892 5684 961 5732 6666
983 5669 1199 5732 1666131336.

601 5763 631 5826 b.
656 5763 765 5841 ltaque
790 5762 897 5825 omnia
919 5769 952 5824 et
972 5761 1098 5840 singula
1120 5761 1273 5825 hactenus

523 5863 711 5929 memorata,
730 5873 790 5919 nec
811 5871 877 5919 non
898 5863 1094 5936 praesentes,
1115 5855 1211 5918 etiam
1234 5871 1273 5918 ex

525 5966 582 6024 eo,
606 5951 692 6030 quod
714 5965 843 6023 causae,
868 5949 908 6012 ob
930 5963 1008 6027 quas
1032 5949 1270 6022 emanaverint,

1051 591 1117 637 lllll.
1142 591 1234 637 PONT.
1258 591 1299 636 utt
1321 592 1351 636 P.
1375 592 1406 638 1¹¹.
1429 592 1513 638 PARS
1534 594 1557 639 1.

1336 711 1571 789 comprobatae,
1592 727 1763 791 expressae
1779 721 1811 774 61
1825 713 2018 779 verilitatae.
2036 720 2090 774 aut

1336 804 1369 865 in
1390 805 1574 882 praemissis
1602 805 1761 868 interesse
1784 805 1938 868 babentes
1959 807 2011 868 vel
2035 805 2089 867 ba-

1336 897 1414 958 bere
1435 898 1695 975 praetendentes,
1718 899 1756 960 ad
1779 899 1840 962 boc
1861 899 1976 971 vocati,
2000 899 2087 963 citati

1336 997 1368 1052 et
1389 990 1487 1052 auditi
1503 1007 1568 1051 non
1591 990 1722 1063 1331131,
1747 1005 1854 1068 ireque
1875 992 1990 1055 iisdem
2013 1008 2088 1054 con-

1336 1085 1509 1155 senserint,
1526 1083 1578 1146 vel
1593 1085 1669 1146 alias
1685 1100 1724 1146 31
1740 1100 1948 1163 quocumque
1970 1085 2083 1164 capite,

1336 1183 1516 1255 praetextu,
1540 1176 1659 1248 colore,
1690 1176 1823 1254 ingenio
1844 1177 1898 1239 vel
1919 1194 2022 1250 causa,
2047 1178 2086 1240 de

1336 1269 1553 1348 subreptionis
1582 1270 1636 1332 vel
1659 1271 1855 1348 obreptionis
1884 1278 1938 1332 aut
1959 1271 2086 1334 nullita-

1337 1360 1377 1424 tis
1390 1362 1481 1434 vitiu,
1499 1362 1550 1425 vel
1573 1363 1763 1425 intentionis
1778 1370 1919 1436 nostrae,
1936 1363 2005 1426 sive
2025 1365 2086 1427 alio

1337 1457 1452 1532 quovis
1474 1455 1601 1519 deiectu
1634 1457 1738 1519 notari
1761 1463 1793 1520 et
1814 1457 2013 1536 impugnari,
2038 1474 2086 1518 ar-

1337 1549 1403 1626 gui,
1426 1547 1578 1628 infringi,
1603 1551 1788 1622 retractari,
1812 1551 1915 1614 iuius
1938 1551 1990 1614 vel
2012 1567 2086 1614 con·

1335 1643 1528 1706 troversiam
1550 1645 1668 1716 vocari,
1693 1645 1728 1706 ad
1753 1645 1908 1706 terminos
1934 1645 2015 1706 iuris
2037 1660 2087 1706 re·

1337 1737 1420 1807 duci,
1443 1743 1498 1798 aut
1518 1745 1628 1800 contra
1650 1753 1702 1799 eas
1724 1738 1861 1814 quodvis
1884 1737 2004 1814 gratiae
2033 1738 2085 1800 vel

1335 1829 1475 1891 iustitiae
1496 1829 1679 1892 remedium
1701 1829 1868 1907 impetrari
1893 1845 1951 1892 seu
1974 1846 2086 1892 conce·

1336 1923 1367 1986 di
1390 1922 1574 1986 nullatenus
1590 1939 1702 2002 posse;
1725 1924 1782 1986 sed
1805 1939 1856 1986 eas
1878 1940 1912 1985 ac
1932 1925 2038 1986 omnia
2053 1931 2086 1986 et

1335 2017 1462 2094 singula
1490 2017 1523 2078 in
1551 2017 1597 2078 eis
1626 2024 1775 2079 contenta
1801 2027 1931 2096 semper
1960 2024 1993 2080 31
2014 2033 2085 2096 per-

1336 2117 1433 2190 petuo
1445 2109 1559 2182 valida,
1573 2111 1665 2172 drma
1678 2117 1710 2172 et
1720 2111 1855 2174 311163613
1868 2127 1938 2173 6663
1954 2118 1986 2172 31
1999 2111 2081 2184 1316,

1333 2221 1475 2284 suosque
1486 2205 1647 2284 plenarios
1663 2213 1695 2268 31
1709 2206 1853 2283 integros
1868 2205 2001 2269 effectus
2016 2221 2082 2268 sor-

1336 2299 1388 2360 tiri
1404 2306 1437 2360 et
1448 2298 1607 2371 obtinere,
1621 2315 1656 2361 ac
1670 2299 1708 2362 ab
1721 2299 1871 2362 omnibus
1887 2307 1919 2362 et
1932 2299 2081 2377 singulis,

1335 2393 1373 2454 ad
1394 2407 1474 2468 quos
1496 2399 1617 2470 spectat
1639 2398 1671 2454 et
1692 2409 1751 2472 pro
1780 2403 1927 2472 tempore
1949 2409 2084 2471 quomo-

1335 2485 1457 2548 dolibet
1477 2486 1643 2564 spectabit,
1667 2485 1896 2550 inviolabiliter
1918 2487 2084 2550 observari

1335 2579 1466 2640 omuino
1482 2577 1670 2655 statuimus;
1686 2580 1796 2657 sicque
1812 2587 1844 2643 et
1858 2596 1923 2642 non
1938 2579 2013 2642 alias
2025 2595 2084 2658 per

1334 2685 1557 2750 quoscumque
1589 2673 1708 2736 iudices
1740 2673 1917 2736 ordinarios
1944 2673 2084 2736 6111616-

1335 2773 1435 2844 gatos,
1459 2767 1556 2828 etiam
1578 2782 1745 2828 causarum
1769 2767 1874 2845 palatii
1906 2767 2009 2829 nostri
2031 2783 2084 2828 au-

1334 2860 1453 2922 ditores
1485 2877 1519 2922 ac
1551 2861 1730 2939 praedictae
1763 2859 1894 2924 Sanctae
1924 2860 2083 2923 Romanae

1333 2953 1493 3016 Ecclesiae
1514 2953 1708 3026 Cardinales,
1730 2955 1826 3018 etiam
1848 2956 1888 3017 de
1910 2955 2010 3018 131316
2025 2953 2082 3016 Le·

1334 3055 1434 3125 gatos,
1455 3047 1669 3126 vicelegatcs,
1693 3048 1860 3126 dictaeque
1882 3049 1973 3111 Sedis
1995 3047 2082 3110 Nun·

1332 3142 1415 3213 cios,
1438 3143 1551 3220 quavis
1579 3143 1766 3206 auctoritate
1788 3151 1820 3206 et
1842 3142 1990 3205 facultate
2011 3141 2083 3204 iun-

1333 3243 1459 3313 gentes,
1476 3235 1599 3298 sublata
1621 3235 1666 3299 eis
1682 3243 1844 3298 eteorum
1860 3237 1992 3298 cuilibet
2007 3252 2083 3314 qua·

1333 3331 1380 3391 vis
1402 3331 1496 3392 aliter
1518 3330 1694 3403 iudicandi,
1728 3331 1904 3394 definiendi
1930 3339 1962 3393 61
1983 3333 2082 3394 13161-

1332 3423 1478 3502 pretendi
1493 3423 1643 3486 facultate
1666 3431 1698 3486 et
1718 3425 1918 3498 auctoritate,
1934 3425 2080 3498 iudicari,

1333 3517 1461 3580 definiri
1475 3524 1507 3579 61
1524 3517 1731 3596 interpretari
1754 3518 1885 3589 debere,
1902 3535 1937 3582 36
1951 3519 2081 3582 irritum

1333 3611 1491 3683 etimne,
1515 3611 1541 3672 61
1562 3627 1653 3673 63636
1680 3605 1779 3690 super
1802 3612 1890 3674 laisa
1918 3628 2081 3692 quoquam

1332 3705 1444 3782 quavis
1466 3705 1666 3776 auctoritate,
1688 3705 1829 3768 scienter
1851 3707 1903 3768 vel
1931 3707 2082 3784 ignoran-

1333 3805 1382 3860 ter
1414 3797 1588 3875 contigerit
1619 3799 1784 3870 attentari,
1816 3800 2021 3863 decernimus
2050 3808 2083 3864 et

1332 3891 1499 3954 decretum
1522 3908 1593 3955 esse
1607 3893 1775 3970 volumus;
1799 3894 2081 3958 nonobstantibus

1331 3987 1524 4064 praemissis,
1540 4002 1667 4050 necnon
1688 3997 1797 4050 nostra
1820 3994 1853 4050 61
1866 3987 2081 4051 Cancellariae

1329 4079 1530 4157 Apostolioae
1563 4080 1675 4158 regula
1697 4081 1825 4143 1161316
1847 4083 1987 4160 quaesito
2015 4099 2081 4144 363

1331 4173 1478 4244 tollendo,
1492 4189 1619 4237 necnon
1632 4175 1781 4237 omnibus
1793 4182 1826 4238 et
1837 4175 1975 4254 singulis
1990 4192 2080 4255 prae-

1331 4268 1405 4330 dicti
1427 4267 1592 4331 Benedicti
1615 4267 1808 4340 decessoris,
1831 4285 1866 4331 36
1894 4269 2080 4332 declaratio-

1330 4359 1424 4422 nibus
1446 4375 1544 4438 super
1566 4359 1671 4422 dubiis
1692 4359 1826 4437 aliisque
1845 4361 2080 4424 constitutioni·

1331 4453 1389 4516 bus
1412 4461 1444 4516 et
1465 4453 1721 4516 ordinationibus
1741 4455 1934 4532 apostolicis,
1952 4471 2079 4520 necnon

1330 4548 1476 4609 omnium
1499 4553 1531 4609 et
1552 4547 1758 4624 singulorum
1780 4547 1936 4611 Ordinum
1957 4550 2079 4628 praedi·

1329 4645 1455 4701 ctorum
1486 4655 1520 4701 36
1549 4653 1663 4701 631313
1694 4637 1844 4711 cuilibet,
1878 4641 1973 4702 etiam
1996 4639 2079 4702 inra-

1329 4738 1452 4803 mento,
1468 4730 1714 4794 confirmatione
1735 4732 1906 4809 apostolica
1927 4733 1980 4795 vel
2002 4748 2078 4811 qua·

1328 4825 1377 4886 vis
1396 4825 1549 4888 firmitate
1563 4824 1622 4886 alia
1637 4821 1795 4887 roboratis
1816 4825 1941 4890 statutis
1957 4835 2077 4891 61633-

1326 4917 1563 4990 suetudinibus,
1581 4917 1759 4996 privilegiis
1776 4933 1917 4998 quoque,
1931 4921 2076 4996 indultis,

1329 5011 1424 5076 etiam
1456 5011 1547 5074 11616
1574 5027 1728 5092 maguum
1760 5013 1813 5076 vel
1841 5013 1916 5076 31136
1944 5030 2079 5092 quomo·

1329 5105 1451 5169 dolibet
1472 5105 1673 5184 nuncupatis,
1696 5105 1866 5184 literisque
1885 5108 2077 5186 apostolicis,

1328 5199 1388 5262 sub
1411 5197 1670 5277 quibuscumque
1703 5199 1870 5262 tenoribus
1897 5207 1929 5264 31
1951 5200 2076 5276 formis,

1328 5307 1402 5356 cum
1417 5292 1675 5371 quibuscumque
1691 5293 1787 5356 etiam
1800 5293 2078 5372 derogatoriarum

1326 5387 1553 5466 derogatoriis,
1572 5385 1708 5465 aliisque
1727 5387 1956 5452 efficacioribus
1979 5398 2012 5453 et
2031 5389 2079 5452 in·

1328 5479 1430 5543 solitis
1462 5477 1613 5544 clausulis
1645 5496 1680 5542 36
1710 5479 1912 5546 irritantibus
1943 5481 2078 5559 aliisque

1328 5573 1466 5636 decretis
1494 5571 1527 5635 in
1550 5587 1671 5650 genere
1692 5573 1746 5636 vel
1772 5574 1804 5638 in
1826 5575 1950 5653 specie,
1981 5574 2077 5638 etiam

1328 5673 1419 5730 motu
1448 5667 1579 5746 proprio
1607 5675 1639 5730 et
1661 5667 1926 5730 consistorialiter
1947 5685 1981 5730 36
2002 5667 2077 5730 31136

1328 5759 1573 5840 quomodolibet
1600 5761 1633 5824 in
1662 5762 1859 5824 contrarium
1888 5763 2078 5844 praemisso-

1327 5870 1402 5918 rum
1441 5853 1620 5926 concessis,
1658 5855 1855 5917 confirmatis
1890 5863 1923 5918 et
1956 5855 2077 5934 pluries

1327 5949 1504 6012 innovatis:
1539 5948 1656 6026 quibus
1687 5949 1837 6011 omnibus
1868 5955 1901 6011 et
1928 5948 2076 6028 siugulis,

2126 580 2179 636 dn.
2192 579 2221 637 G.
2236 580 2300 639 1152
