1406 1910
154 235 169 248 ιιι
178 233 189 247 ss.
196 232 226 246 im

540 235 639 247 ”numerus
650 235 675 247 PL
687 236 703 247 1!
706 235 721 247 V.

242 265 309 283 iuncws,
316 269 381 285 sempor
386 265 451 281 Abbatis
457 266 522 281 nomine
528 267 544 281 et
550 265 615 285 privile-

242 289 267 308 gio
278 288 354 308 gaudere.
366 288 457 305 Commune
469 292 524 305 autem
535 289 613 305 Abbatum

241 311 313 327 omnium
324 311 354 327 hoc
361 312 465 332 privilegium
473 316 515 331 esse,
523 314 541 328 ut
549 312 614 332 pallium

241 335 275 351 sine
287 335 352 350 manicis
363 335 442 354 delerant.
453 336 590 355 quemadmodum
598 336 614 351 iu

241 358 302 378 synodo
314 358 370 379 Montis
381 358 436 375 Libani
447 359 466 375 de
476 363 553 379 supremo
561 363 614 375 mona-

240 382 308 397 chorum
314 381 373 398 Ordine
378 383 465 402 exponitur
470 383 548 403 (Ρη-ιιι,
553 387 613 403 capii..

240 409 285 421 num.
292 406 337 425 κη.)
344 414 363 417 -
369 406 421 422 Vestis
427 407 490 426 propria
499 406 613 422 monachorum

241 429 283 444 tertii
289 433 306 445 ac
311 429 383 449 supremi
389 429 458 448 Ordinis.
464 430 500 445 loeo
506 430 554 450 pallii.
560 430 576 445 in
582 433 614 449 quo

240 453 278 467 sunt
288 452 364 470 manicae.
376 452 442 472 panium
450 452 514 468 laneum
522 453 557 469 sine
565 453 614 469 mani-

240 475 267 493 cis.
279 475 322 494 quod
333 476 411 491 mualana
421 480 449 491 seu
460 480 531 496 superna
541 479 613 492 vocatur.

260 503 269 514 ι
277 498 355 514 Abbatum
369 503 409 515 vero
420 500 520 519 generalium
532 500 614 516 dumtaxat

239 525 336 541 eorumque,
343 522 370 542 qui
376 522 407 538 boc
412 522 464 539 officio
471 523 521 539 iuneti
528 525 571 541 sunt.
578 528 614 543 spe—

239 545 279 560 ciale
290 545 393 565 privilegium
409 550 444 561 esse
455 546 471 561 in
482 548 535 562 nostru
546 551 614 566 congre-

239 569 304 588 gatione
312 569 403 587 monastica.
411 571 429 585 ui
437 570 453 585 in
461 570 571 585 ecclesiasticis
579 570 614 586 iun-

239 592 324 610 ctionibus.
331 593 384 610 mitra.
391 593 447 608 baculo
455 595 471 609 et
477 593 537 609 annulo
545 595 561 609 et
566 598 614 609 cruce

239 615 315 635 pectorali
327 616 350 631 uti
363 616 432 635 possint.
449 617 586 636 quemadmodum
597 617 613 633 in

239 639 389 657 constitutionibus.
405 644 413 655 a
429 640 531 655 Sanctissimo
546 640 613 656 Domino

239 664 296 678 nortro
310 662 394 679 Clemente
408 663 440 679 Xll⁴
457 663 533 679 Pontiflce
546 664 613 680 Maximo

239 686 343 704 confirmatis,
355 688 395 706 part.
404 691 434 705 ιιι.,
443 691 476 707 cap.
485 691 515 705 ιιι.,
524 687 543 703 de
553 687 613 703 Abhate

239 710 311 729 generali
325 714 370 726 num.
384 714 408 728 n..
425 711 434 729 ξ
449 715 500 729 xviii..
514 711 612 727 continetur.

239 733 312 753 Denique
323 733 375 749 Abbas
390 734 470 753 generalis
485 736 501 750 et
515 735 613 754 quicumque

239 757 269 772 hac
279 757 357 776 dignitate
368 757 432 773 iunctus
448 757 505 775 ruerit.
523 760 575 778 potest
590 759 613 774 uti

239 780 287 796 mitra
298 782 314 796 et
325 780 380 796 baculo
392 781 466 800 pastorali
473 781 489 797 in
497 781 568 797 ecclesiis
580 786 613 797 mo-

239 804 346 819 nasteriorum
355 806 448 820 nostrorum
456 806 525 820 tantum:
534 807 579 821 extra
586 809 613 820 su-

239 829 272 842 tem
283 827 317 843 illas
328 831 360 843 non
371 828 400 843 nisi
410 832 447 843 cum
455 828 528 844 facultate
536 832 612 844 reveren-

238 851 300 866 dissimi
311 851 372 867 domini
380 851 479 868 Patriarchae
489 854 517 867 aut
526 852 611 868 Ordinarii,

259 879 268 889 ‹
276 874 288 890 Α
299 874 352 894 primo
362 876 416 891 autern
427 875 446 891 acl
457 875 533 891 ultimum
543 876 611 892 declara-

238 901 275 913 mus
286 899 302 913 et
313 898 417 918 profitemur.
433 903 462 914 nos
473 901 554 919 acceptare
567 900 612 919 quid-

238 921 276 941 quid
293 921 349 937 Sancta
365 921 414 937 Sedes
431 922 520 942 Apostolica
535 925 551 939 et
566 923 612 939 Sum-

238 949 275 960 mus
290 945 371 961 Romanus
385 945 459 961 Pontifex
474 946 534 962 Christi
549 946 611 962 Domini

238 968 310 984 Vicarius
318 970 334 984 et
344 969 388 984 Beati
395 969 438 984 Petri
446 969 560 989 Apostolorum
568 970 612 986 Prin-

237 992 277 1012 cipis
287 996 378 1010 successor.
391 994 422 1008 tam
437 993 477 1009 circa
489 997 517 1009 uos
528 995 544 1009 et
558 998 612 1009 mona·

237 1015 276 1031 cho-s
287 1017 360 1034 nostros.
376 1019 424 1035 quam
439 1016 479 1032 circa
490 1019 544 1032 nostra
558 1021 612 1033 mona-

238 1039 283 1057 teria.
295 1039 415 1055 decernendum
426 1039 525 1056 iudicaverit⁴

258 1067 267 1078 ι
273 1062 329 1078 Datum
336 1063 352 1078 iu
358 1066 414 1079 nostro
420 1064 517 1079 monasterio
523 1064 543 1080 do
549 1064 611 1083 Loaiza,

237 1086 349 1102 Sanctissimae
355 1086 431 1106 Deiparae
438 1086 494 1105 dicato.
501 1091 548 1105 anno.
555 1092 612 1104 mense

237 1111 253 1125 et
264 1109 295 1127 dio.
306 1111 325 1125 ut
335 1113 389 1129 supra.

257 1133 341 1148 «Thomas
352 1133 392 1148 Budi
402 1133 455 1149 Abbas
466 1134 546 1153 generalis
557 1138 611 1150 mona-

236 1156 304 1171 chorum
314 1157 444 1176 congregationis
455 1157 511 1173 Montis
519 1157 573 1173 Libani
584 1158 611 1174 Or-

236 1179 279 1194 dinis
290 1178 343 1195 Sancti
354 1179 418 1195 Antonii
429 1181 545 1197 monachorum
557 1182 611 1197 Proto<

236 1202 340 1222 patriarcnae.

267 1236 320 1256 Ioseph
333 1236 400 1255 Caruili.
412 1237 473 1257 primns
484 1238 567 1254 Definitor.

267 1260 334 1276 michael
345 1260 422 1278 Scanasr,
433 1262 514 1277 secundus
527 1262 610 1278 Delinitor.

267 1283 332 1300 Abacum
343 1284 423 1302 Hubamtc,
435 1285 491 1300 tertius
502 1285 585 1301 Dellnitor.

267 1307 361 1323 Benedictus
372 1307 439 1325 Halmid,
452 1311 518 1328 quartus
527 1309 609 1325 Definitor.

256 1345 266 1364 5
276 1345 290 1360 ³.
302 1344 379 1364 Quoniam
394 1347 448 1361 autem
463 1346 570 1365 praeinsertas
584 1346 610 1362 de-

236 1368 330 1384 clarationes
344 1372 372 1384 seu
388 1369 501 1388 explicationes
516 1369 609 1389 regularum

236 1393 252 1407 et
260 1392 393 1407 constitutionum
401 1392 459 1408 dilecto
470 1392 504 1408 nlio
511 1395 567 1408 nostro
575 1393 610 1409 Ale-

236 1415 297 1430 xandro
307 1415 373 1431 Sanctae
381 1415 452 1435 Agathae
460 1416 475 1431 in
484 1416 570 1435 Montibus,
578 1417 610 1432 dia-

236 1442 277 1453 cono
291 1437 357 1453 Sanctae
372 1438 452 1454 Romanae
467 1438 546 1455 Ecclesiae
557 1440 610 1455 Cardi-

236 1461 273 1479 nali.
282 1461 343 1477 Albano
351 1464 448 1481 nuncupato.
457 1462 497 1482 apud
509 1466 538 1478 nos
546 1465 562 1478 et
569 1463 610 1483 Apo-

236 1484 306 1500 stolicarn
319 1484 377 1501 Sedem
389 1485 474 1504 praefatam
484 1486 556 1502 eiusdem
566 1486 610 1502 Ordi-

236 1508 261 1523 nis
271 1510 288 1523 et
298 1508 432 1528 Congregatiouis
445 1511 537 1528 protectore
549 1510 610 1525 revisas

236 1533 252 1547 et
263 1532 365 1551 approbatas.
377 1536 409 1551 quo
420 1532 483 1548 firmius
493 1533 580 1549 subsistant
594 1536 610 1550 et

236 1557 322 1571 servemur
330 1556 406 1574 exactius,
413 1556 462 1572 iidem
468 1559 568 1576 exponentes
573 1561 610 1577 apo>

236 1578 300 1594 stelione
311 1579 437 1595 confirmationis
448 1581 512 1595 nostrae
519 1580 610 1596 munimine

643 266 743 281 corroborari
755 265 854 281 desiderant:
867 265 899 281 Nos
912 265 955 285 ipsos
966 267 1018 281 orato-

642 293 669 304 res
679 289 775 309 specialibus
791 289 873 305 iavoribus
884 290 900 304 et
912 288 966 308 gratiis
981 292 1018 308 pro⁷

642 312 687 332 sequi
695 312 775 330 volentes.
783 316 874 332 eorumque
884 312 974 331 singulares
982 316 1018 331 per-

642 339 689 351 sonas
696 340 704 351 a
712 335 795 355 quibusvis
804 335 979 353 excommunicationis.
991 339 1017 351 su-

642 359 732 378 spensionis
743 361 760 375 et
770 359 850 375 interdicti
865 358 931 378 aliisque
944 358 1017 374 ecclesia-

642 382 685 398 sticis
693 382 783 400 sententiis.
792 382 864 398 censuris
872 384 888 398 et
895 382 957 402 poenis.
965 387 973 398 a
981 383 1017 398 iure

642 406 668 421 vel
686 406 705 421 ah
723 406 798 424 homine.
816 406 873 425 quavis
890 406 973 422 occasione
990 406 1017 421 vel

642 433 688 445 causa
699 429 739 447 latis.
748 430 761 445 si
772 429 830 449 quibus
841 429 964 449 quomodolibet
971 429 1016 445 iuno-

642 452 687 468 dutae
702 453 778 471 existunt.
791 453 809 468 ad
820 453 896 469 eflectum
907 452 1016 472 praesentium

642 477 704 491 tautum
716 476 854 495 consequendum.
866 476 923 491 harum
938 476 980 491 serie
990 476 1016 491 ab-

642 499 723 515 solventes
731 501 747 514 et
754 499 834 515 absolutas
842 499 877 514 tore
884 501 973 517 censentes.
980 503 1016 519 sup-
1028 510 1032 513 .

642 522 753 542 plicationibus
763 526 820 538 eorum
832 523 898 538 nomine
910 523 956 538 nobis
967 527 1016 542 super

642 546 672 561 hoc
683 546 767 561 humiliter
777 546 856 565 porrectis
867 546 944 564 inclinati.
953 550 1016 566 praein-

641 571 691 585 sertas
699 569 814 585 declarationes
822 573 851 585 seu
861 569 974 589 explicationes
983 574 1015 586 me-

642 595 740 608 moratarum
751 593 885 609 constitutionum
893 595 909 608 et
918 593 934 608 in
945 593 968 609 eis
978 597 1016 609 con-

642 618 684 632 tenta
695 620 812 636 quaecumque.
821 616 915 632 auctoritate
924 617 1015 636 apostoliea.

642 642 698 656 tenore
713 640 822 660 praesentium
836 642 915 660 perpetuo
931 641 1015 656 confirma<

642 667 677 679 mus
692 666 709 679 et
718 663 829 683 approbamus.
843 663 908 683 illisque
919 664 1015 680 inviolabilis

641 687 736 707 apostolicae
747 687 827 703 firmitatis
838 687 888 703 robur
899 687 987 706 adiicimns.
999 692 1015 703 o-

642 714 720 730 mnesque
731 713 747 726 et
758 710 831 730 singulos
845 710 884 726 iuris
895 712 912 726 et
923 710 958 727 iacti
972 711 1016 726 dere-

641 735 681 751 ctus.
691 734 704 749 si
715 734 742 753 qui
754 734 823 754 desuper
833 734 956 753 quomodolibet
966 734 1015 750 inter-

641 758 722 775 venerint.
733 757 828 777 supplemus
839 759 855 773 et
865 761 945 773 sanamus⁴

660 781 669 799 ἒ
686 781 700 796 4.
717 781 825 796 Deceruentes
842 781 906 796 easdem
922 782 1015 800 praesentes

640 804 695 820 literas
711 806 727 820 et
742 804 758 820 in
774 804 797 820 eis
812 806 886 820 contenta
903 808 1015 824 quaecumque

640 832 705 847 semper
716 828 768 845 firma.
779 827 830 843 valida
842 829 858 843 et
868 828 936 843 efficacia
945 828 1015 843 existere

640 853 657 867 et
667 851 708 869 tore,
719 855 790 871 suosque
801 851 882 871 plenarios
889 853 905 867 et
912 851 985 871 integros
993 851 1015 867 et-

641 875 691 890 iecius
699 875 753 890 sortiri
761 877 777 890 et
788 875 868 893 obtinere.
877 879 894 890 ac
901 875 939 893 illis,
947 875 966 890 ad
974 879 1015 894 quos

640 900 700 918 spectat
716 900 732 914 et
745 902 773 918 pro
789 900 864 918 tempore
880 898 1015 918 quandocumque

640 922 722 941 spectabit.
734 922 750 937 in
765 922 840 937 omnibus
851 924 868 937 et
878 926 907 942 per
918 922 971 937 omnia
982 922 1015 942 ple-

640 945 706 961 nissime
721 945 806 965 sum-agari
820 947 836 961 et
851 945 871 961 ab
887 945 910 961 eis
925 946 1015 965 respective

640 969 754 985 inviolabililer
769 969 862 987 observari.
873 969 928 988 sicque
942 969 959 985 in
970 973 1014 989 prae-

640 993 692 1008 missis
709 997 738 1012 per
752 996 864 1012 quoscumque
878 992 939 1008 iudices
951 993 1014 1009 ordina-

640 1016 672 1032 rios
683 1018 698 1032 et
709 1016 797 1035 delegatos,
807 1016 855 1032 etiam
866 1020 950 1032 causarum
961 1016 1014 1036 palatii

639 1040 721 1059 apostolici
728 1039 814 1057 auditores.
821 1040 887 1055 iudicari
895 1041 911 1055 et
918 1039 981 1055 definiri
988 1040 1014 1056 de<

640 1063 684 1081 bere.
695 1067 713 1078 ao
724 1063 787 1078 irritum
799 1064 815 1078 et
826 1063 879 1081 inane,
887 1063 900 1078 si
908 1067 954 1079 secus
965 1067 1014 1083 super

640 1086 664 1102 bis
674 1091 682 1102 a
693 1090 780 1106 quoquam.
789 1086 845 1106 quavis
856 1087 955 1105 auctoritate,
963 1087 1014 1103 scieu-

640 1114 664 1126 ter
675 1110 701 1126 vel
712 1110 812 1129 ignoranter,
823 1110 910 1130 contigerit
919 1111 999 1126 attentari.

659 1134 668 1153 ἓ
678 1133 693 1149 5.
700 1133 736 1149 Non
743 1133 842 1149 obstantibus
850 1134 992 1150 constitutionibus
998 1137 1014 1150 et

639 1157 766 1173 ordinationibus
779 1157 878 1176 apostolicis.
893 1162 919 1175 ac.
934 1160 1013 1177 quatenns

639 1185 678 1200 opus
685 1181 711 1198 sit.
720 1180 852 1200 Cougregationis
860 1182 876 1196 et
883 1180 946 1196 Ordinis
954 1181 1014 1201 praesa-

639 1206 698 1222 torum.
705 1204 760 1220 aliisve
767 1204 855 1223 quihuvsis.
861 1204 909 1220 etiarn
916 1204 1012 1223 iuramento.

638 1228 760 1243 confirmatione
771 1227 856 1247 apostolica
866 1227 892 1243 vel
900 1228 956 1247 quavis
963 1228 1013 1244 firmi-

638 1253 670 1267 tate
677 1251 706 1267 aliu
713 1251 797 1269 roboratis.
803 1251 866 1267 statutis
872 1253 888 1267 et
893 1252 1013 1268 consuetudini-

639 1275 674 1293 bus.
686 1274 775 1294 privilegiis
785 1278 855 1294 quoque,
864 1275 930 1290 indultis
938 1277 954 1291 et
961 1275 1012 1291 literis

638 1298 728 1318 apostolicis
739 1298 755 1314 in
768 1298 866 1314 contrarium
879 1299 1011 1318 praemissorum.

638 1322 760 1341 quomodolibet
767 1322 852 1340 concessis.
861 1322 958 1338 confirmatis
965 1324 982 1338 et
988 1323 1012 1338 in-

638 1345 706 1361 novatis.
717 1345 777 1363 Quibus
788 1345 864 1361 omnibus
871 1345 968 1365 etsingulis.
977 1346 1012 1361 illo-

638 1372 674 1384 rum
682 1371 746 1384 tenores
752 1368 863 1388 praesentibus
869 1373 898 1389 pro
904 1369 952 1389 plene
958 1371 975 1385 et
980 1370 1013 1385 sui-

638 1392 710 1407 flcientei·
721 1392 802 1412 expressis
813 1394 829 1408 et
839 1392 858 1408 ad
869 1392 937 1408 verbum
947 1393 1012 1409 insertis

638 1415 724 1434 habentes.
741 1415 773 1431 illis
784 1416 821 1431 alias
831 1416 848 1431 iu
861 1420 891 1431 suo
906 1416 965 1432 robore
977 1421 1012 1436 per-

638 1439 723 1456 mansuris.
732 1439 750 1454 ad
759 1439 885 1458 praemissorum
893 1440 974 1458 eflectum.
983 1440 1012 1456 hac

638 1462 672 1478 vice
690 1462 780 1480 dumtaxat.
799 1462 890 1482 specialiter
906 1465 922 1478 et
936 1467 1011 1483 expresse

638 1486 743 1505 derogamus;
755 1486 845 1505 ceterisque
855 1486 939 1502 contrariis
947 1487 1012 1506 quibus-

637 1513 713 1529 cumque.

658 1533 714 1548 Datum
730 1533 746 1548 in
762 1532 802 1549 Arce
815 1533 911 1553 Gandulphi.
926 1533 1012 1549 Albaneusi

637 1556 720 1575 dioecesis.
729 1556 759 1572 sub
770 1557 829 1572 annulo
841 1557 903 1575 Piscat..
912 1557 937 1572 die
946 1561 960 1572 v.
969 1559 1012 1573 octo>

638 1580 670 1595 bris
679 1584 769 1598 uoccxur..
781 1580 882 1600 pontificatus
892 1580 944 1596 nostri
953 1585 978 1596 an.
987 1585 1010 1596 ιιι.

979 230 1008 246 ¹157
1037 230 1062 244 An.
1069 230 1083 244 Gv
1091 229 1125 244 17δὶ
