4814 6998
872 571 1062 618 functurus
1084 571 1141 618 ssd
1163 571 1377 618 CONCORRRTA

349 695 417 752 tum
434 691 539 753 eidem
562 691 734 754 conventio
755 689 986 760 adversantur,
1009 687 1100 750 abro-

349 793 418 861 gata
440 784 610 856 habentur,
633 784 764 862 ipsaque
795 783 967 845 conventio
988 788 1024 844 ut
1047 781 1099 843 lex

349 876 455 940 Status
477 877 627 955 deinceps
649 877 760 938 eadem
783 877 815 937 iu
837 876 1007 954 Republica
1029 891 1099 953 per-

349 977 445 1048 petuo
461 970 595 1048 vigebit.
620 970 724 1046 Atque
739 971 853 1032 iccirco
875 976 1012 1046 utraque
1028 985 1100 1031 con-

349 1065 546 1127 trahentium
570 1079 641 1142 pars
663 1063 799 1141 spondet
824 1079 858 1124 se
886 1077 1101 1124 successores-

350 1171 413 1236 que
444 1175 519 1220 suos
552 1158 658 1220 omnia
687 1163 719 1218 et
749 1155 954 1233 singularis
985 1155 1102 1233 quibus

350 1259 547 1314 conventum
570 1258 629 1322 est,
646 1258 753 1312 sancte
765 1257 962 1312 servaturos.
987 1247 1020 1311 Si
1041 1263 1101 1324 qua

352 1346 477 1406 veroin
493 1353 659 1424 posterum
675 1343 903 1422 supervenerit
921 1342 1100 1414 difficultas,

308 1449 310 1452 ’
352 1436 505 1500 Sanctitas
534 1437 595 1499 Sua
622 1446 655 1499 et
683 1438 813 1499 Praeses
845 1437 1034 1514 dequatoris
1055 1435 1102 1496 in-

352 1531 455 1593 vicem
489 1531 657 1592 conferent
681 1532 718 1592 ad
748 1546 818 1592 rem
848 1529 948 1592 amice
976 1543 1103 1605 compo-

353 1625 503 1686 uendam.

412 1718 431 1792 5
461 1717 511 1778 25.
548 1717 781 1780 Ratillcatioues
818 1717 995 1796 praesentis
1030 1733 1104 1780 cou-

353 1811 513 1874 ventiouis
548 1817 663 1872 mutuo
696 1811 862 1873 tradentur
897 1810 995 1873 unius
1030 1810 1102 1872 anni

353 1905 466 1981 spatio,
490 1911 544 1967 aut
564 1903 669 1976 citius,
692 1905 718 1964 si
740 1905 811 1966 fleri
833 1905 963 1982 poterit.

395 1997 428 2059 ln
451 2012 589 2074 quorum
606 1998 715 2069 iidem,
732 1997 884 2076 praedicti
906 1997 1105 2076 plenipoten-

356 2091 437 2154 tiarii
475 2091 634 2168 praesenti
671 2091 877 2154 conventioni
909 2090 1105 2168 subscripse-

291 2251 292 2254 Ἴ
355 2191 446 2256 runt,
471 2185 624 2260 illamque
655 2199 714 2246 suo
746 2184 882 2262 quisque
911 2184 1018 2262 sigilio
1051 2183 1105 2245 ob-

355 2279 506 2355 signavit.

396 2372 509 2434 Datum
532 2373 650 2436 Romae
672 2373 723 2434 die
746 2389 821 2434 xxvi
842 2372 1034 2452 septembris
1053 2388 1104 2432 an-

358 2483 400 2528 no
421 2483 607 2528 succorum.

508 2613 646 2675 lacosus
671 2613 763 2676 Card.
787 2612 968 2674 devovetur

730 2760 861 2822 lennrro
882 2759 1063 2821 (lenonum.

613 2949 864 2956 ..m-...-

689 3125 785 3189 xvii.

478 3316 649 3378 Consentio
671 3315 756 3377 inter
778 3315 909 3377 Leonem
931 3315 1009 3378 lllll

365 3416 394 3472 et
416 3408 599 3472 Promittere
624 3407 823 3489 Reipublicae
852 3408 1041 3488 Aeqoctoris
1068 3406 1114 3487 (l)

688 3505 792 3565 1881.

386 3693 419 3754 lu
440 3690 579 3754 Nomine
594 3690 650 3754 SS.
668 3699 700 3753 et
721 3691 905 3754 individuae
921 3691 1093 3752 Trinitatis.

407 3878 561 3943 Sanctitas
574 3879 635 3942 Sua
648 3878 801 3941 Summus
814 3877 962 3941 Pontifex
973 3877 1038 3940 Leo
1048 3877 1116 3939 lllll

367 3981 399 4038 et
420 3975 550 4036 Praeses
570 3973 773 4052 Reipublicae
789 3972 978 4052 tequatorrs
993 3972 1025 4033 iu
1041 3989 1116 4034 snos

367 4069 544 4146 respective
568 4067 867 4146 Plenipotentiarios
889 4065 1113 4128 nominarunt:

407 4161 561 4225 Sanctitas
584 4159 662 4234 Sua,
687 4161 939 4223 illustrissimum
970 4165 1002 4222 et
1026 4174 1117 4222 reve-

368 4255 597 4318 rendissimum
620 4253 787 4316 domiuum
814 4253 945 4315 llariurn
973 4253 1117 4315 bloceuui

368 4348 652 4426 trebiepiscopum
674 4346 963 4424 Heliopolitanum,
987 4346 1119 4424 Delega-

369 4450 438 4504 tum
473 4441 689 4520 Apostolicum
723 4449 756 4503 et
787 4441 819 4501 iu
853 4439 1117 4517 Aequatorianam

370 4534 610 4613 Rempublicarn
633 4543 723 4596 extra
745 4533 892 4596 ordinem
916 4534 1068 4609 missum;

409 4631 449 4692 Et
477 4628 769 4694 excellentissimus
797 4626 1001 4705 Reipublicae
1029 4629 1121 4690 Prae·

370 4739 432 4793 ses,
455 4723 712 4785 illustrissimum
736 4722 849 4784 ducem
872 4721 907 4782 b.
931 4721 1119 4785 Cornelium

371 4817 406 4878 E.
431 4813 589 4888 lleruaza,
612 4815 798 4878 ministrum
820 4815 858 4876 ab
880 4817 999 4878 esteris
1022 4831 1120 4892 nego-

371 4910 433 4973 tiis.
466 4909 524 4984 Qui
553 4917 625 4989 post
656 4917 770 4972 mutuo
799 4910 911 4972 tradita
942 4899 1121 4988 respective

371 5005 622 5083 plenipotentiae
657 5007 872 5067 iustrumenta
909 5005 1122 5067 cobaerenter

371 5099 409 5161 ad
432 5115 478 5171 ea,
502 5114 584 5176 quae
606 5099 638 5161 in
660 5099 794 5161 articulo
817 5097 914 5160 lllllll
937 5098 1123 5178 conventio-

372 5192 421 5252 nis
453 5193 504 5254 die
526 5208 602 5254 xxvi
631 5191 824 5270 septembris
853 5193 926 5252 anni
948 5207 1123 5252 uueccuxrr

373 5285 469 5347 initae
490 5287 661 5349 constituta
684 5293 769 5357 suut,
787 5285 825 5346 de
842 5301 922 5346 nova
944 5283 1122 5363 praedictae

373 5379 594 5442 conventionis
614 5379 811 5442 conficienda
832 5379 1015 5442 redactione
1037 5379 1123 5440 iuxta

373 5487 420 5544 ea,
445 5488 526 5550 quae
547 5480 740 5550 sequuntur,
763 5481 999 5538 convenerunt.

416 5701 445 5757 (l)
461 5704 525 5745 cnm
540 5699 581 5745 die
596 5712 682 5746 xxvrrr
704 5699 770 5746 iunii
791 5712 971 5746 musccuxxvrr
987 5701 1124 5746 concorda·

377 5772 433 5815 turn
455 5767 518 5814 anni
533 5779 675 5813 nucccnxrr
693 5779 710 5814 a
728 5768 861 5813 Gubernio
878 5769 1074 5826 Aequatom'ano
1088 5780 1125 5813 re·

376 5836 489 5882 scissum
511 5836 610 5891 fuisset,
632 5839 722 5892 postea
742 5846 804 5880 vero
824 5845 920 5880 novum
941 5835 1049 5882 omnino
1069 5848 1125 5882 con·

375 5903 524 5958 cordatum,
540 5902 652 5959 antiquo
673 5903 780 5957 abolito,
797 5902 867 5948 inire
882 5903 1048 5959 quaesiisset,
1065 5907 1125 5950 Sen-

375 5974 418 6015 ota
441 5969 519 6014 Sedes
543 5969 671 6015 concessit
694 5969 798 6027 quidem
822 5973 851 6015 ut
873 5971 995 6016 nonnulli
1017 5973 1124 6018 articuli

1826 550 1885 614 335

1195 686 1263 748 brt.
1287 687 1310 750 l.
1334 685 1458 762 Religio
1475 684 1636 748 Catholica
1652 683 1832 763 Apostolica
1847 684 1906 746 Ro-

1156 799 1246 846 mana
1258 797 1328 844 esse
1344 787 1458 858 perget
1472 780 1564 840 unica
1577 779 1691 856 religio
1703 777 1906 856 Reipublicae

1156 875 1345 954 Aequatoris
1365 881 1461 950 atque
1484 873 1562 936 inibi
1585 879 1666 935 sarta
1694 880 1774 936 tecta
1794 887 1906 950 perpe-

1156 979 1211 1035 tuo
1233 968 1478 1034 conservabitur
1500 985 1573 1031 cum
1597 967 1748 1031 omnibus
1770 966 1807 1028 iis
1830 966 1907 1027 iuri-

1156 1067 1216 1127 bus
1238 1073 1270 1126 et
1301 1063 1553 1141 praerogativis,
1577 1062 1693 1140 quibus
1720 1061 1782 1123 frui
1813 1060 1908 1123 debet

1156 1173 1196 1220 ex
1218 1157 1274 1219 Dei
1298 1155 1499 1218 ordinatione
1531 1161 1563 1216 et
1585 1153 1743 1216 canonicis
1774 1153 1908 1216 sanctio-

1157 1251 1261 1312 nibus.
1295 1248 1445 1324 Quocirca
1469 1247 1501 1310 iu
1523 1247 1713 1324 dequatoris
1736 1245 1908 1325 Republica

1158 1359 1322 1421 nunquam
1342 1341 1485 1422 permitti
1502 1341 1620 1419 poterit
1641 1340 1721 1402 alins
1736 1339 1843 1404 cultus
1858 1341 1908 1403 vel

1157 1437 1300 1508 societas,
1317 1452 1399 1513 quae
1421 1435 1521 1498 luerit
1542 1437 1687 1498 damnata
1703 1435 1740 1498 ab
1755 1435 1907 1500 Ecclesia.

1198 1531 1267 1592 Art.
1291 1530 1326 1592 ll.
1358 1531 1392 1592 ln
1421 1528 1571 1590 omuibus
1600 1527 1800 1590 dioecesibus
1829 1543 1909 1606 quae

1159 1626 1191 1686 in
1223 1623 1402 1702 praeseutia
1423 1623 1566 1684 existunt
1597 1621 1649 1682 vel
1681 1622 1714 1684 in
1743 1629 1908 1700 posterum

1159 1719 1345 1796 erigentur,
1370 1717 1510 1780 existere
1543 1716 1673 1779 debebit
1701 1715 1909 1778 seminarium

1159 1813 1404 1882 dioecesanum,
1428 1810 1518 1872 cuius
1545 1808 1738 1887 procuratio,
1762 1808 1910 1883 regimen

1160 1913 1192 1967 et
1213 1904 1444 1967 administratio
1472 1903 1575 1965 libere
1604 1911 1699 1978 atque
1724 1902 1819 1965 unice
1841 1917 1911 1981 per-

1161 1998 1274 2061 tinebit
1305 1998 1341 2058 ad
1374 1997 1578 2059 dioecesanos
1610 1993 1794 2058 Ordiuarios
1824 1997 1912 2058 iuxta

1160 2091 1294 2155 Consilii
1316 2089 1493 2153 Tridentini
1516 2091 1708 2169 praescripta
1724 2098 1756 2152 et
1770 2091 1843 2154 alias
1865 2109 1913 2154 ca-

1161 2187 1290 2248 nonicas
1321 2185 1420 2261 leges.
1454 2183 1622 2258 Rectores,
1656 2183 1856 2264 professores
1881 2191 1914 2247 et

1161 2279 1213 2341 alii
1245 2277 1372 2355 alioque
1405 2293 1541 2340 munere
1573 2279 1746 2354 fungentes
1779 2285 1847 2340 tum
1879 2280 1917 2342 in

1162 2371 1324 2436 tradendis
1354 2371 1508 2434 doctrinis
1537 2379 1605 2433 tum
1636 2372 1668 2434 in
1699 2372 1812 2435 iisdem
1838 2373 1912 2435 diri-

1163 2466 1276 2543 gendis
1302 2465 1482 2527 seminariis
1511 2465 1549 2526 ab
1575 2465 1649 2543 ipsis
1677 2462 1850 2528 Ordiuariis
1878 2466 1913 2528 li-

1163 2563 1241 2625 bere
1263 2568 1361 2623 eruut
1382 2561 1567 2624 nominandi
1590 2562 1643 2624 vel
1665 2563 1847 2626 amovendi.

1204 2657 1271 2720 Art.
1289 2658 1338 2718 lll.
1362 2656 1541 2718 inventutis
1557 2655 1715 2718 institutio
1736 2657 1769 2719 in
1784 2657 1915 2719 univer-

1164 2751 1328 2822 sitatibus,
1355 2749 1518 2826 collegiis,
1550 2748 1769 2823 facultatibus,
1798 2750 1916 2813 sclrolis

1166 2851 1227 2906 tam
1244 2843 1379 2922 publicis
1394 2857 1489 2919 quam
1506 2843 1648 2921 privatis,
1661 2845 1724 2906 erit
1735 2844 1828 2922 plane
1843 2860 1915 2906 cou-

1165 2937 1279 2999 formis
1291 2937 1454 3000 doctrinae
1464 2937 1632 3015 religionis
1645 2938 1828 3000 catholicae.
1842 2938 1916 3000 Pro·

1166 3037 1276 3110 pterea
1296 3031 1443 3110 Episcopi
1466 3032 1559 3094 unice
1580 3032 1652 3095 iure
1675 3031 1843 3110 pollebunt
1864 3033 1917 3096 de-

1165 3125 1311 3202 signandi
1333 3124 1432 3188 libros
1455 3143 1511 3188 seu
1534 3133 1652 3198 textus,
1670 3126 1724 3203 qui
1745 3125 1917 3189 adbibeudi

1166 3226 1241 3282 sunt
1270 3219 1306 3281 ad
1330 3218 1557 3281 ecclesiasticas
1579 3220 1725 3282 scientias
1750 3221 1917 3284 tradendas

1167 3321 1262 3390 atque
1284 3313 1322 3374 ad
1343 3313 1598 3386 institutionem,
1621 3329 1702 3391 quae
1724 3313 1917 3392 religionem

1168 3421 1342 3484 moresque
1364 3413 1519 3484 spectant.
1543 3407 1677 3485 insuper
1698 3407 1860 3487 Episcopis
1883 3407 1919 3470 li-

1169 3500 1284 3562 berum
1307 3499 1450 3562 mauebit
1463 3495 1512 3560 iu's
1535 3499 1718 3578 corrigendi
1732 3518 1767 3563 ac
1782 3503 1918 3579 proscri-

1170 3594 1266 3656 bendi
1281 3609 1339 3672 per
1354 3592 1462 3656 literas
1478 3594 1650 3672 pastorales
1662 3602 1694 3656 et
1705 3595 1833 3658 decreta
1849 3609 1920 3673 pro-

1171 3687 1303 3750 hibitiva
1324 3688 1424 3750 libros
1439 3693 1494 3749 aut
1514 3688 1677 3764 quaelibet
1692 3689 1775 3767 typis
1793 3695 1920 3751 exarata

1171 3783 1286 3861 scripta
1318 3783 1550 3860 cuiuscumque
1583 3783 1730 3859 generis,
1754 3797 1835 3860 quae
1867 3783 1921 3844 do-

1171 3877 1281 3954 gmati,
1299 3876 1529 3940 ecclesiasticae
1544 3875 1738 3954 disciplinae,
1762 3876 1921 3952 bonisque

1172 3971 1315 4033 moribus
1331 3971 1395 4032 sint
1409 3970 1552 4045 adversm
1567 3970 1710 4046 itemque
1722 3968 1920 4031 Gubernium

1171 4065 1357 4141 advigilabit
1378 4073 1410 4126 et
1432 4072 1610 4143 opportuna
1625 4063 1788 4125 adbibebit
1805 4062 1921 4135 media,

1171 4176 1213 4221 ue
1234 4158 1420 4220 huiusmodi
1438 4159 1554 4237 scripta
1576 4157 1658 4236 typis
1674 4157 1757 4218 edita
1772 4156 1805 4217 in
1820 4155 1923 4233 Repu-

1172 4252 1252 4314 blica
1274 4251 1503 4314 diffundantur.

1212 4346 1281 4407 brt.
1311 4343 1363 4406 tv.
1398 4343 1542 4422 Episcopi
1571 4359 1612 4404 er
1636 4342 1801 4421 pastoralis
1832 4343 1924 4405 mini·

1173 4439 1263 4502 sterii
1294 4438 1397 4500 officio
1426 4437 1583 4500 curabunt
1615 4453 1655 4498 ne
1687 4437 1751 4500 ulla
1782 4439 1924 4500 tradatur

1174 4539 1337 4610 doctrina,
1363 4553 1445 4614 quae
1477 4537 1650 4599 catholicae
1682 4537 1831 4614 religioni
1859 4551 1933 4606 mor

1174 4647 1314 4710 rumque
1337 4631 1495 4693 bonestati
1516 4629 1557 4691 sit
1578 4631 1752 4692 contraria:
1778 4631 1924 4708 quocirca

1175 4725 1297 4789 nemini
1319 4740 1461 4802 unquam
1484 4723 1593 4788 licebit
1614 4724 1646 4785 iu
1668 4724 1776 4802 aliquo
1793 4724 1846 4786 vel
1869 4741 1925 4804 pu·

1176 4819 1258 4882 blico
1280 4819 1331 4880 vel
1354 4817 1479 4896 privato
1508 4817 1656 4880 instituto
1688 4819 1804 4880 docere
1837 4819 1926 4880 tlreo-

1175 4914 1305 4992 logiam,
1329 4911 1557 4984 catbecbesim,
1591 4919 1645 4974 aut
1666 4911 1850 4989 religiosam
1873 4913 1926 4974 do-

1176 5008 1333 5078 ctrinam,
1364 5005 1442 5082 quin
1465 5005 1606 5084 primum
1640 5012 1852 5084 opportunam
1874 5022 1927 5068 au-

1176 5100 1357 5164 ctoritatem
1389 5098 1567 5161 obtinuerit
1587 5115 1603 5160 a
1625 5099 1814 5160 dioecesano
1839 5097 1928 5160 Auti-

1176 5194 1260 5266 stite,
1284 5193 1339 5270 qni
1364 5193 1511 5255 eamdem
1531 5191 1711 5254 facultatem
1738 5193 1858 5270 poterit
1878 5207 1928 5254 re-

1177 5302 1293 5350 vocare
1314 5304 1354 5349 ex
1379 5286 1461 5348 iusta
1476 5303 1578 5358 eausa,
1595 5287 1685 5349 ouius
1709 5301 1807 5365 penes
1822 5287 1928 5364 ipsum

1178 5381 1332 5444 iudicium
1357 5381 1429 5452 erit,
1454 5396 1526 5442 cum
1552 5379 1582 5441 id
1606 5387 1824 5458 opportunum
1857 5395 1928 5442 esse

1178 5475 1352 5538 censuerit.
1375 5473 1437 5536 Pro
1458 5473 1677 5536 examinandis
1695 5472 1930 5551 professoribus

1181 5702 1278 5747 veteris
1293 5703 1444 5749 concordati
1459 5702 1678 5758 immutarentur,
1694 5702 1777 5746 voluit
1796 5707 1885 5747 tamen
1901 5712 1929 5748 ut

1181 5769 1208 5814 id
1222 5781 1272 5816 uon
1288 5771 1365 5814 fleret
1380 5781 1426 5826 per
1436 5770 1637 5825 stipulationem
1648 5769 1761 5814 alterius
1771 5769 1930 5824 concordati,

1181 5836 1226 5880 sed
1242 5837 1346 5882 lautum
1361 5847 1407 5893 per
1422 5836 1563 5880 editionem
1579 5847 1684 5886 «novae
1699 5835 1850 5881 versionis»
1865 5841 1931 5883 vete-

1182 5903 1220 5948 ris
1242 5903 1401 5948 concordati.
1428 5907 1496 5949 llaec
1516 5905 1607 5948 autem
1631 5903 1753 5948 absoluta
1776 5903 1827 5948 fuit
1847 5904 1889 5949 die
1911 5917 1930 5950 tr

1183 5972 1248 6018 maii
1262 5982 1440 6018 arucccnxxxr.
