4814 6992
101 605 149 660 An.
162 603 191 658 C.
208 603 278 660 ¹656

921 617 1114 666 atexnttbtttt
1137 619 1188 664 PP.
1214 618 1268 663 vlt.

317 739 457 817 desuper
478 738 636 817 expeditis
658 737 797 808 tenoris,
821 739 876 815 qui
898 737 1063 814 sequitur,

316 832 482 894 videlicet:

106 937 201 994 orosto
224 951 240 982 a
262 939 296 982 ae
357 925 420 988 Nos
452 925 551 988 trater
581 925 714 988 loannes
742 925 878 1003 Baptista
908 926 946 988 de
976 925 1065 986 llari-

84 989 186 1034 llariuis
201 991 283 1037 facta.

317 1020 366 1081 uis
390 1017 500 1082 Sacrae
530 1019 724 1096 Theologiae
754 1018 915 1098 professor
940 1017 1065 1082 Ordinis

317 1112 573 1176 Praedicatornm
596 1112 728 1175 humilis
751 1111 901 1189 Magister
927 1111 1065 1174 Genera·

316 1207 354 1268 lis
381 1213 413 1268 et
440 1220 566 1277 servus,
590 1221 606 1267 a
631 1205 735 1283 primo
759 1205 984 1283 assumptionis
1010 1221 1065 1268 uo·

314 1307 397 1361 strae
420 1299 455 1362 ad
480 1299 701 1376 magisterium
718 1295 844 1362 Ordinis
863 1299 1007 1370 exordio,
1025 1300 1064 1362 de

315 1391 428 1454 dilecta
450 1392 542 1454 uobis
568 1392 732 1470 provincia
764 1390 869 1454 Sancti
901 1391 1003 1454 iacobi
1025 1394 1064 1456 de

315 1486 436 1548 hierico
466 1485 610 1557 solliciti,
645 1485 771 1548 nullum
804 1501 870 1548 nen
903 1486 1064 1548 movimus

314 1580 469 1658 lapidem,
493 1579 663 1656 quincius
687 1578 929 1656 tranquillitati,
957 1597 991 1642 ac
1014 1597 1064 1659 pa-

314 1675 419 1736 cificae
440 1673 695 1744 conservationi,
727 1679 882 1750 quantum
908 1689 981 1736 cum
1005 1673 1062 1736 Oo-

314 1769 402 1830 mina
414 1783 592 1846 possnmus,
603 1783 670 1830 esse
682 1767 890 1842 tconsultum;
903 1768 969 1840 sed,
982 1769 1061 1846 proh

313 1861 415 1933 dolor,
439 1862 499 1923 etsi
528 1877 593 1923 non
615 1861 773 1922 dormiret
801 1860 1059 1935 Paterfamilias,

313 1963 347 2017 et
367 1955 540 2033 vigilarent
572 1955 740 2026 homiues,
773 1955 923 2016 inimicus
956 1963 1060 2018 tamen

313 2050 410 2111 home
431 2047 701 2126 superseminavit
732 2063 813 2126 quae
845 2057 997 2126 apparent
1018 2050 1060 2110 zi·

312 2143 399 2206 rania
414 2143 447 2204 iu
466 2142 573 2204 medio
589 2142 696 2215 tritici,
713 2141 830 2220 quibus
846 2142 970 2204 tructus
985 2144 1059 2205 boni

310 2235 442 2297 seminis
463 2236 635 2297 suffocatus
669 2251 886 2307 marcescens,
914 2235 952 2297 ab
978 2237 1059 2298 avita

311 2329 494 2408 discipliuae
510 2328 670 2406 regularis
685 2330 823 2408 puritate
835 2330 990 2392 nimirum
1006 2331 1058 2392 de-

310 2421 436 2484 llexisse
458 2421 730 2498 deprehenditur:
757 2423 946 2486 nutriuntur
961 2425 1059 2501 siqni-

310 2517 383 2578 dem
411 2515 444 2576 iu
469 2515 545 2592 ipsa,
576 2516 678 2578 veluti
706 2517 738 2578 in
768 2532 870 2578 novae
897 2516 1057 2579 Rebeccae

310 2617 413 2682 utero,
427 2610 617 2674 collidentes
630 2610 754 2689 parvuli
770 2609 841 2672 'sese
853 2610 1057 2688 supplantare

309 2710 471 2776 conantes,
489 2721 562 2767 cnm
585 2713 692 2767 tamen
714 2711 817 2766 meter
840 2711 948 2766 nostra
964 2704 1056 2769 Sacra

308 2793 432 2872 Religio
447 2797 692 2874 congeminum
708 2797 874 2874 populum,
888 2798 1055 2876 multoque

308 2889 414 2950 minus
435 2890 631 2962 discordem,
657 2895 821 2967 agnoscat,
846 2891 901 2952 sed
929 2892 1055 2954 unicam

308 2981 1055 3061 prolemubiquegeutinmdillnsam,lecuudata

307 3075 497 3136 sanctissimi
513 3075 711 3138 Patriarchae
732 3075 900 3148 Dominici,
915 3076 981 3139 imo
1000 3094 1054 3156 po·

307 3169 369 3232 tius
389 3167 509 3231 Christi
525 3169 759 3248 Redemptoris,
777 3169 941 3244 charitate,
959 3185 1051 3248 quae,

306 3263 525 3324 diversitatem
551 3263 697 3339 gentium
719 3261 752 3324 in
777 3263 980 3327 confessione
1003 3267 1052 3328 sui

305 3355 444 3418 nominis
466 3356 624 3428 adunans,
654 3357 782 3418 arctiori
804 3357 933 3420 vinculo
955 3359 1052 3423 unius

305 3447 513 3528 professionis
526 3456 601 3512 voto
613 3449 760 3512 viventes
775 3450 856 3513 illios
869 3451 1049 3530 adstringit.

303 3541 405 3616 Quare
417 3557 497 3619 ergo
508 3542 541 3604 in
554 3542 650 3606 huius
662 3543 845 3622 provinciae
857 3551 952 3606 utero
964 3545 1051 3608 colli-

304 3636 424 3698 duntur
440 3635 576 3712 parvuli,
591 3642 634 3708 et,
648 3636 749 3698 veluti
764 3653 829 3698 non
842 3637 987 3702 eiusdem
1000 3655 1051 3717 pa-

304 3728 404 3790 ventis
422 3728 491 3797 filii,
503 3728 584 3790 alius
598 3729 696 3790 alium
714 3729 877 3808 deprimit,
895 3739 926 3792 et
941 3733 977 3802 is,
995 3733 1050 3809 qui

303 3823 335 3884 in
351 3823 510 3885 Alexicana
524 3823 658 3900 regione
675 3825 826 3898 nascitur,
844 3827 924 3887 natis
939 3827 972 3888 in
988 3825 1050 3888 An-

304 3916 516 3994 gelopolitana
538 3917 661 3994 praeire
684 3918 827 3990 festinat,
852 3926 884 3980 et
909 3921 1049 3982 vicissim

303 4011 438 4087 quisque
461 4011 639 4087 gemellum
661 4027 756 4074 suum
778 4013 962 4092 deprimere
977 4031 1050 4076 cou-

304 4105 413 4176 tendit,
428 4111 464 4166 ut
477 4105 734 4168 benedictionem
750 4125 785 4168 ac
804 4108 972 4186 privilegia
989 4110 1050 4188 pri·

303 4201 525 4278 mogeniturae
549 4201 637 4264 solus
659 4210 856 4280 reportetur.
879 4203 926 4266 Ne
951 4205 1050 4282 igitur

300 4300 341 4362 sit
360 4301 502 4378 iurgium
525 4303 610 4364 inter
631 4317 705 4379 v0s;
723 4303 837 4366 tratres
857 4307 943 4368 enim
959 4308 1047 4380 estis,

301 4403 333 4457 et
352 4395 588 4458 sanctissimum
610 4396 681 4458 lesu
703 4413 834 4471 nomen,
858 4415 923 4476 qno
944 4401 1050 4465 Genti-

302 4490 380 4551 lium
415 4489 636 4568 superstitiosa
674 4491 789 4568 religio
825 4495 1046 4570 extinguitur,

302 4591 334 4646 et
354 4591 499 4646 errantes
522 4585 666 4647 oviculae
692 4586 729 4648 ad
749 4586 867 4649 Christi
893 4588 977 4651 ovile
999 4605 1049 4651 re-

301 4676 479 4748 ducuntur,
504 4693 543 4738 eo
574 4677 711 4756 amplius
744 4693 801 4756 per
819 4696 881 4740 nos
910 4680 942 4742 iu
965 4697 1047 4744 novo

299 4767 382 4832 Orbe
403 4778 616 4848 propagetur,
649 4787 730 4848 qno,
759 4775 892 4836 remotis
918 4777 1048 4853 privatis

299 4865 474 4926 commodis
508 4873 540 4927 et
564 4867 842 4941 contentionibus,
876 4873 1047 4948 uuusquis-

299 4972 361 5032 que
382 4975 447 5019 non
469 4973 551 5034 quae
566 4975 633 5032 sua,
650 4961 704 5022 sed
722 4975 803 5038 quae
824 4961 943 5025 Christi
958 4971 1044 5037 sunt,

298 5051 445 5125 quaerat,
475 5052 648 5116 emulando
679 5055 867 5118 charismata
901 5059 1044 5134 meliora,

298 5144 440 5207 dividere
463 5146 554 5207 vobis
582 5147 615 5208 in
637 5147 781 5210 funiculo
810 5151 1045 5215 distributionis

299 5245 415 5300 terram
430 5239 645 5302 decrevimus.
670 5242 743 5303 Post
757 5243 849 5319 iuges
864 5245 965 5322 igitur
986 5247 1045 5309 Oo—

297 5331 383 5392 mino
404 5331 490 5394 tusas
512 5349 634 5411 preces,
659 5353 692 5397 ac
715 5337 904 5414 protendam
928 5343 1045 5403 mentis

296 5431 421 5487 nostrae
442 5427 743 5502 considerationem,
761 5432 902 5496 adhibito
919 5444 1044 5498 maturo

296 5518 480 5595 graviorum
504 5520 633 5582 Patrum
650 5523 794 5596 consilio,
810 5541 866 5603 pro
890 5543 963 5605 pace
987 5530 1044 5591 hu-

294 5612 344 5673 ius
366 5615 560 5691 provinciae,
578 5616 610 5678 in
633 5617 768 5682 Domino
792 5623 944 5699 expedire
964 5625 1044 5688 iudi-

293 5708 435 5769 cavimus
456 5709 556 5786 ipsam
575 5711 731 5774 dividere.
755 5713 902 5793 Cumque
924 5719 959 5780 ad
985 5720 1043 5782 hoc

293 5809 449 5878 perpetuo
464 5803 602 5866 tirmiter
617 5821 651 5866 ac
666 5804 790 5869 lelicius
802 5810 1040 5886 stabiliendum,

292 5909 357 5955 non
379 5895 483 5958 solum
518 5897 611 5960 officii
643 5903 763 5974 nostri,
797 5919 912 5966 verum
946 5908 1040 5970 etiam

289 5987 491 6065 Apostolicae
517 5989 619 6064 Sedis,
643 5993 743 6058 robur
764 5997 901 6060 adiicere
928 6017 1040 6080 oppor-

1125 743 1238 800 tunum
1255 735 1560 811 existimaverimus3
1577 735 1691 798 harum
1705 735 1800 806 serie,
1817 751 1872 798 no·

1122 831 1180 893 stri
1212 831 1398 894 auctoritate
1421 830 1525 902 officii,
1549 846 1622 893 cnm
1650 828 1777 908 speciali
1799 845 1871 908 apo-

1121 925 1230 986 stolica
1254 923 1450 986 Sanctissimi
1466 923 1593 985 Domini
1611 922 1718 986 Nostri
1735 921 1871 984 Alexan-

1122 1019 1170 1081 dri
1192 1019 1299 1082 divina
1327 1018 1526 1097 providentia
1555 1017 1655 1096 Papae
1677 1016 1742 1079 Vll.
1774 1017 1869 1079 benc·

1122 1111 1272 1184 dictione,
1297 1111 1468 1192 praelatam
1493 1111 1689 1189 provinciam
1707 1109 1812 1172 Sancti
1828 1109 1870 1172 la-

1121 1204 1191 1266 cobi
1213 1205 1252 1268 de
1276 1205 1397 1268 hierico
1426 1204 1598 1266 dividimus
1620 1204 1653 1266 in
1676 1204 1771 1276 duas,
1796 1219 1870 1280 qua-

1121 1313 1194 1361 rum
1212 1301 1312 1376 prima
1328 1299 1490 1376 antiquam
1507 1314 1627 1361 nomen
1643 1295 1747 1360 Sancti
1768 1297 1868 1360 iacobi

1121 1393 1160 1454 de
1189 1391 1312 1455 hierico
1334 1399 1366 1454 et
1388 1392 1495 1456 locum
1517 1393 1549 1453 in
1571 1390 1689 1454 Ordine
1712 1389 1866 1466 retineat;

1120 1485 1218 1548 altera
1253 1484 1538 1564 Angelopolitauae
1573 1486 1641 1548 sive
1677 1483 1866 1546 Sanctorum

1119 1579 1319 1656 Angelorum
1342 1580 1374 1642 iu
1397 1579 1491 1642 lndiis
1510 1580 1642 1642 nomine
1664 1578 1800 1654 gaudeat
1820 1576 1867 1656 (iu

1120 1673 1308 1734 memoriam
1325 1673 1529 1752 apparitionis
1550 1671 1751 1749 Angelorum
1766 1688 1783 1732 a
1798 1673 1867 1748 qui-

1119 1765 1178 1828 bus
1205 1766 1301 1830 huius
1324 1767 1506 1844 provinciae
1527 1764 1696 1844 praecipua
1711 1763 1789 1826 urbs
1804 1765 1866 1826 An-

1119 1859 1332 1938 gelopolitann
1353 1859 1555 1940 appellatur).

1157 1953 1207 2025 Et,
1224 1969 1265 2016 ue
1281 1953 1385 2030 aliqua
1407 1953 1439 2014 in
1465 1953 1623 2016 divisione
1645 1960 1864 2015 conventuum

1117 2047 1291 2120 contentio,
1309 2055 1363 2108 aut
1378 2046 1416 2108 lis
1439 2047 1634 2118 suboriatur,
1653 2046 1862 2119 declaramus,

1116 2141 1153 2202 ad
1183 2142 1379 2219 provinciam
1410 2139 1515 2204 Sancti
1543 2139 1644 2202 lacobi
1674 2141 1713 2203 de
1744 2141 1864 2204 hierico

1117 2235 1279 2312 pertinere
1295 2242 1473 2296 conventus
1486 2234 1662 2296 existentes
1678 2235 1710 2294 in
1726 2234 1863 2296 dioecesi

1116 2327 1863 2406 Archteptscopatusnoricam,etsuntsequed-

1117 2427 1174 2492 tes,
1188 2421 1351 2483 videlicet:
1371 2421 1474 2484 llealis
1490 2429 1669 2483 conventus
1684 2420 1789 2483 Sancti
1805 2421 1863 2482 Oo-

1115 2513 1223 2576 minici
1244 2515 1283 2576 de
1306 2514 1446 2588 blerico,
1480 2515 1654 2592 collegium
1684 2513 1788 2576 Sancti
1810 2515 1863 2575 Pa-

1116 2608 1172 2670 tris
1194 2611 1293 2670 nostri
1317 2607 1474 2670 Dominici
1496 2609 1535 2672 de
1557 2609 1648 2670 Porta
1670 2607 1769 2681 Coeli,
1789 2624 1862 2670 con-

1112 2709 1229 2764 ventus
1261 2703 1465 2764 Beatissimae
1499 2701 1641 2779 Virginis
1673 2703 1711 2764 da
1742 2703 1862 2765 Pietate

1113 2803 1201 2858 extra
1217 2795 1343 2858 moenia
1359 2795 1538 2858 llevicanae
1557 2796 1702 2869 civitatis,
1723 2813 1861 2860 couven-

1113 2897 1163 2950 tus
1194 2889 1380 2962 Cuivacam,
1418 2889 1533 2951 vicaria
1565 2891 1604 2952 de
1637 2891 1859 2970 Ascapusalco,

1111 2983 1226 3046 vicaria
1248 2984 1436 3062 Atacnbaya,
1463 2985 1579 3046 vicaria
1601 2983 1706 3046 Sancti
1729 2985 1861 3065 Hiacyn·

1111 3077 1168 3150 thi,
1182 3078 1298 3140 vicaria
1314 3075 1420 3141 Sancti
1431 3077 1603 3156 Augustini
1616 3080 1655 3140 de
1669 3078 1857 3154 Vascuebas,

1109 3173 1224 3236 vicaria
1251 3173 1290 3235 de
1313 3173 1427 3246 blixao,
1451 3189 1485 3234 ac
1516 3173 1631 3235 vicaria
1664 3175 1702 3236 de
1730 3174 1860 3239 Ameca·

1110 3283 1233 3339 mecan,
1256 3267 1372 3328 vicaria
1400 3266 1439 3328 de
1465 3265 1782 3342 Ohimalhuacaneza,
1814 3272 1858 3332 vi-

1108 3361 1189 3422 caria
1205 3361 1244 3423 de
1259 3360 1479 3440 lepeslaostec,
1494 3360 1609 3422 vicaria
1625 3363 1664 3424 de
1679 3362 1854 3437 Citlahuae,

1108 3455 1223 3516 vicaria
1245 3456 1283 3517 de
1305 3454 1456 3532 lenango,
1476 3455 1592 3518 vicaria
1607 3457 1646 3518 de
1661 3455 1855 3538 Pathitepec,

1106 3549 1222 3610 vicaria
1251 3549 1290 3611 de
1312 3547 1459 3626 Paptpec,
1487 3549 1602 3612 vicaria
1624 3551 1663 3612 de
1686 3551 1854 3632 Tantepec,

1108 3643 1222 3704 vicaria
1243 3643 1282 3704 de
1305 3641 1506 3722 Thalizapan,
1530 3644 1645 3706 vicaria
1670 3644 1708 3706 de
1731 3647 1857 3726 Tepast·

1107 3736 1169 3808 lan,
1200 3736 1315 3798 vicaria
1336 3737 1375 3798 de
1398 3736 1668 3815 Traquilteuango
1691 3739 1854 3818 Tcepulte,

1107 3831 1222 3892 vicaria
1237 3831 1276 3892 de
1288 3830 1332 3892 las
1343 3829 1496 3909 Amilpas,
1510 3832 1625 3894 vicaria
1638 3833 1676 3895 de
1686 3833 1854 3913 Ecasingo,

1107 3926 1222 3987 vicaria
1243 3927 1282 3987 de
1302 3927 1411 3998 lasela,
1436 3929 1551 3989 vicaria
1571 3931 1610 3991 de
1633 3931 1785 4011 Euaiape;
1809 3933 1855 3996 in-

1105 4033 1203 4098 super
1224 4027 1403 4082 conventus
1425 4021 1464 4083 de
1492 4021 1640 4085 Beateras
1661 4027 1693 4086 in
1716 4026 1855 4088 dioecesi

1106 4113 1312 4193 Episcopatus
1335 4115 1629 4190 blechoacanensis,
1660 4136 1694 4180 ac
1716 4135 1855 4182 couven-

1106 4221 1157 4275 tus
1176 4215 1311 4276 civitatis
1330 4233 1364 4277 ac
1382 4215 1535 4280 dioecesis
1547 4217 1753 4294 Episcopatus
1769 4217 1854 4278 Eun·

1106 4309 1283 4371 dalaxarae:
1301 4318 1377 4372 sunt
1393 4327 1505 4374 omnes
1518 4329 1655 4376 numero
1668 4316 1784 4394 viginti
1797 4335 1854 4381 no-

1105 4419 1190 4466 vem.

1145 4499 1190 4561 Ad
1207 4516 1323 4562 novam
1345 4517 1424 4564 vere
1454 4505 1650 4581 provinciam
1673 4507 1853 4588 Angelopo-

1105 4594 1245 4668 litanam,
1269 4597 1337 4658 sive
1360 4595 1549 4661 Sanctorum
1565 4600 1763 4677 Angelorum
1787 4605 1853 4684 (cu-

1104 4689 1153 4751 ius
1179 4689 1335 4754 terminos
1358 4693 1565 4770 praefigimus
1592 4702 1695 4757 totum
1727 4699 1852 4761 territo-

1104 4783 1187 4844 rium
1221 4783 1426 4864 Episcopatus
1448 4787 1728 4866 Angelopclitani,
1753 4799 1785 4854 et
1806 4794 1852 4854 in-

1103 4893 1200 4955 super
1223 4886 1360 4955 quatnor
1382 4881 1494 4942 domos
1518 4883 1681 4963 llistucae)
1713 4887 1851 4964 pertina-

1103 4971 1183 5034 bunt
1214 4981 1387 5050 sequentes
1416 4985 1610 5039 conventus:
1646 4979 1680 5040 ln
1713 4982 1850 5045 dioecesi

1102 5066 1368 5145 Angelopolitam
1388 5077 1566 5133 conventus
1583 5071 1687 5135 Sancti
1711 5075 1850 5138 [lomini-

1102 5159 1128 5222 ci
1150 5159 1422 5239 ,Angelopolitani,
1440 5173 1618 5227 conventus
1638 5166 1743 5230 Sancti
1762 5169 1848 5232 Pauli

1102 5253 1247 5315 eiusdem
1267 5255 1413 5328 civitatis,
1434 5257 1606 5334 collegium
1626 5258 1731 5323 Sancti
1748 5262 1849 5325 Ludo·

1101 5347 1173 5418 vici,
1192 5348 1350 5425 prioratus
1373 5349 1411 5411 de
1433 5350 1555 5424 laocan,
1578 5353 1737 5430 prioratus
1760 5358 1799 5418 de
1822 5357 1849 5418 la

1101 5441 1183 5503 Vera
1205 5442 1309 5516 Cruz,
1332 5444 1447 5505 vicaria
1470 5446 1508 5507 de
1531 5447 1716 5523 Aguatelco,
1733 5451 1848 5512 vicaria

1101 5535 1139 5596 de
1161 5535 1373 5614 lepapaiecan,
1399 5539 1513 5600 vicaria
1526 5540 1565 5602 de
1580 5541 1707 5619 lilapan,
1732 5545 1847 5606 vicaria

1100 5630 1139 5691 de
1161 5631 1373 5708 Gueguetlan,
1391 5633 1507 5695 vicaria
1524 5635 1713 5714 deTcpesic‚
1733 5639 1846 5702 vicaria

1100 5723 1138 5784 de
1168 5723 1275 5797 Chila,
1304 5725 1419 5786 vicaria
1452 5727 1492 5789 de
1514 5728 1641 5800 Tonala,
1666 5730 1781 5793 vicaria
1808 5734 1847 5795 de

1099 5816 1319 5895 Tequistepec,
1344 5819 1459 5882 vicariu
1483 5821 1705 5900 deGualtepec
1731 5825 1846 5888 vicaria

1098 5908 1278 5988 Guasnapa;
1296 5911 1329 5972 in
1345 5913 1483 5976 dioecesi
1499 5915 1567 5975 veri
1584 5915 1791 5995 Episcopatus
1807 5919 1846 5981 de

1098 6001 1229 6076 Panaca,
1254 6005 1412 6084 prioratus
1434 6007 1472 6069 de
1488 6008 1706 6088 veposcolula,
1729 6011 1845 6074 vicaria

1814 599 1851 662 37
1910 599 1961 656 An.
1975 600 2004 654 C.
2019 599 2087 654 lund
