4836 7002
808 888 1049 972 clamans
1083 889 1213 969 ΡΑΡΑ
1243 889 1340 969 ΧΙΙΙ.

105 1239 141 1292 16.
152 1235 177 1290 G.
190 1233 255 1288 itas
660 1235 682 1297 Ι.

296 1422 434 1486 Praecla
455 1422 698 1504 confirmatione
722 1423 848 1486 constit.
874 1422 986 1485 bractis
1006 1421 1043 1484 ll.

335 1523 364 1578 et
381 1515 548 1578 6161666116
568 1516 629 1578 Vll.
649 1531 745 1595 caper
767 1517 964 1580 alternative
986 1516 1045 1578 cal-

332 1610 454 1672 latione
475 1607 697 1690 beneficiatam
719 1609 804 1670 inter
827 1608 979 1673 Sanctam
995 1609 1045 1672 Sc-

332 1703 401 1764 dcm
422 1710 452 1764 ct
470 1701 660 1766 malacria
674 1703 767 1783 repat
782 1702 945 1773 Potoniac,
961 1721 1044 1766 cam-

332 1797 401 1858 dem
436 1796 666 1859 alternatiaom
698 1794 860 1860 obseruari
892 1805 1043 1878 perpetuo

332 1889 468 1954 mandat
487 1889 545 1971 (1).

452 2046 639 2120 coemens
664 2001 882 2116 serscoeos

477 2199 588 2252 sertus
614 2200 771 2252 serrarum
794 2182 857 2264 ilci,

410 2290 447 2358 ad
469 2296 644 2376 perpetuam
670 2293 714 2358 rei
738 2291 918 2359 memoriam.

89 2447 269 2547 gffgg¹³¹q¹g¹²221
331 2455 400 2530 51.
424 2454 634 2518 Ecclesiastici
659 2455 780 2518 ordinis
803 2463 993 2517 ornamento
1009 2465 1042 2520 et

43 2609 45 2626 ,
89 2557 266 2600 trilaterarum.
289 2546 424 2609 utilitati
442 2547 614 2610 consulens
637 2547 970 2627 Apostolicaltomana
986 2545 1040 2610 Se-

89 2609 268 2708 113ᾝίἓὲἶίἷῖ
288 2640 358 2712 (166,
382 2641 459 2703 dum
482 2641 636 2703 beneficia
658 2641 707 2714 iis,
731 2642 785 2718 qni
810 2657 936 2704 morum
959 2642 1040 2704 inte·

88 2727 157 2812 etr
182 2727 269 2814 1111
288 2735 406 2810 arctate
436 2735 680 2796 6661666
712 2735 804 2797 aaa
833 2734 1038 2814 patrumm,

89 2823 266 2921 ffijnlglgl‘ffiftlgg
288 2828 421 2905 provida
444 2829 731 2906 circumspectione
750 2828 898 2890 conterre
913 2829 1037 2905 satagit,

89 2931 266 3002 transmenso·
289 2937 420 2982 cmnem
444 2920 541 2982 simul
571 2921 700 2984 aclbibet
721 2937 850 2993 curam,
874 2929 910 2985 ut
931 2937 1039 3000 perso-

87 2994 159 3079 {iil
192 2986 266 3029 pm
288 3031 349 3076 nae
370 3016 406 3076 ad
429 3032 463 3076 ea
480 3015 633 3087 delectae,
655 3016 770 3078 divinis
794 3016 980 3078 ministeriis
992 3033 1039 3078 sa·

327 3267 357 3320 (1)
374 3263 566 3311 1116666116616
576 3263 744 3310 collationem
757 3265 944 3311 beneficiorum
955 3265 982 3310 in
992 3269 1036 3312 Ρο-

283 3332 373 3378 loniae
394 3343 475 3388 regno
492 3333 621 3378 concessit
638 3333 741 3390 primus
759 3335 810 3377 Leo
825 3335 854 3376 11.
872 3336 954 3378 66661.
971 3333 1034 3380 anni

282 3411 370 3445 nnxx.
380 3399 440 3445 iulii
449 3411 476 3456 1.‚
491 3411 601 3457 eamque
614 3401 782 3446 confirmavit
794 3401 873 3445 clem.
887 3404 938 3446 vll.
952 3404 1034 3447 const.

281 3467 348 3513 anui
365 3478 476 3513 nnxxvr.
496 3466 642 3513 decembris
657 3480 673 3512 1.
690 3471 854 3524 Quapropter
874 3468 954 3512 clem.
969 3471 1034 3514 Xlll.

281 3535 402 3580 declarat
419 3539 539 3590 Augusto
553 3535 675 3580 roloniae
696 3534 762 3590 regi,
778 3545 825 3591 per
840 3545 934 3580 novum
951 3535 1034 3580 16661-

281 3605 343 3648 tum
359 3600 551 3658 elargiendam,
567 3611 647 3658 snper
665 3601 827 3647 alternative
841 3601 980 3648 collatione
995 3603 1035 3647 be·

281 3667 439 3713 nettciorum
461 3667 494 3712 ab
508 3667 656 3714 ordinariis
679 3668 795 3714 iacienda
810 3669 837 3713 16
859 3669 982 3714 roloniae
996 3681 1035 3714 re

281 3746 344 3790 gno,
354 3734 393 3778 nil
409 3734 563 3780 innovatum
578 3734 681 3780 censeri
696 3735 790 3780 debere
800 3735 1034 3782 constitutionibus

283 3801 377 3847 Leonis
391 3804 420 3846 X.
436 3806 463 3846 et
484 3803 626 3847 clementis
642 3805 692 3846 Vll.
715 3813 796 3858 super
814 3802 905 3848 eadem
920 3803 1034 3849 alterne·

280 3868 339 3914 tire
353 3869 502 3914 conatione.

405 3971 567 4047 characterio
583 4007 612 4047 tn
629 4006 732 4048 Cbrteta
750 4007 805 4057 fitia
820 4007 913 4049 mactra

496 4074 624 4116 Palaniae
637 4075 695 4123 regi
709 4074 818 4122 illustri,

515 4207 661 4252 chonans
676 4209 721 4252 PP.
736 4209 802 4251 XIII.

411 4341 574 4384 eboracenae
586 4343 616 4383 tn
633 4341 737 4385 Obrteta
751 4345 790 4394 ati
805 4345 903 4392 noster,

371 4409 486 4450 satutem
499 4410 525 4450 et
537 4409 712 4459 apostoticam
731 4409 943 4452 benedictionem.

104 4543 169 4588 tonsa
180 4547 262 4590 naam
323 4539 510 4589 6181611616
532 4543 654 4586 nostrum
677 4541 863 4586 benemerendi
882 4543 914 4587 de
928 4553 1034 4588 venera-

88 4594 188 4644 inuictae.
282 4607 381 4652 bilibus
396 4607 524 4654 iratribus
539 4608 614 4665 regni
629 4607 708 4654 istius
723 4609 856 4666 episcopis
871 4610 898 4654 16
913 4622 952 4665 66,
964 4611 1033 4668 quod

281 4685 298 4720 a
314 4675 398 4720 multo
409 4677 527 4732 tempore
542 4675 573 4720 de
589 4673 691 4721 rationo
701 4675 889 4721 beneficiorum
902 4677 1034 4723 conteren-

281 4742 378 4786 dorum
394 4745 528 4786 tractetnr
542 4743 656 4799 negotio,
672 4742 865 4799 existimemus,
880 4745 947 4790 setis
962 4745 1031 4790 lucu·

280 4807 368 4852 lenter
377 4817 425 4853 nos
434 4809 589 4864 ostendisse,
600 4809 644 4866 qui
659 4809 775 4855 diximus
786 4821 852 4855 nova
862 4821 909 4856 nas
920 4811 1032 4868 indulto,

279 4885 349 4932 quae
357 4875 397 4920 illi
406 4875 543 4932 postulent
551 4877 585 4922 ad
595 4877 788 4934 praescriptum
801 4877 1031 4934 praedecessorum

282 4945 435 4988 nostrorum
452 4943 546 4988 Leonis
564 4946 594 4988 X.
609 4949 635 4989 et
650 4943 792 4990 clementis
808 4947 859 4990 Vll.
874 4957 905 4990 ex
927 4946 1032 5004 integro

279 5020 458 5055 concessuros.
475 5013 583 5055 (iratam
606 5011 674 5057 hanc
687 5011 742 5058 illis
764 5013 846 5058 luisse
866 5013 1030 5060 voluntatem

280 5079 400 5122 nostram
422 5076 511 5134 regiae
531 5077 679 5124 maiestatis
701 5083 764 5126 tuae
784 5079 880 5126 literae
902 5081 976 5127 nobis
992 5081 1033 5127 dc·

280 5144 487 5190 nunciaverunt:
503 5145 547 5192 sed
569 5157 612 5190 eos
633 5146 721 5191 vereri
742 5146 844 5203 scribis,
859 5159 891 5192 66
913 5159 943 5193 οι
965 5148 1032 5194 eius·

279 5211 352 5256 modi
370 5221 436 5256 uano
450 5211 563 5268 indulta,
581 5213 714 5259 veteribus
729 5215 882 5260 eorumdem
898 5216 991 5261 Leonis
1001 5219 1030 5262 X.

279 5281 308 5322 et
326 5277 469 5324 clementis
492 5282 543 5324 Vll.
559 5279 672 5326 indultis
694 5281 721 5325 in
736 5281 918 5328 Polcnicarum
940 5282 1029 5340 legum

278 5345 395 5390 codicem
404 5345 457 5392 iam
473 5345 567 5392 relatis
582 5347 774 5404 quodammodo
788 5348 943 5406 abrogante,
954 5349 1030 5405 regni

279 5411 319 5457 tui
340 5413 480 5469 primores,
495 5413 591 5470 quibus
612 5415 740 5473 quidquid
755 5417 868 5473 speciem
887 5417 1029 5472 qnamdam

278 5477 401 5526 exhibeat
416 5481 612 5536 novitatis,iuit
628 5493 731 5538 semper
744 5483 1029 5538 invisum,otieusi0nis

279 5545 382 5603 aliquid
395 5547 534 5605 accipient,
546 5559 712 5605 magnacum
724 5551 849 5608 periculo,
861 5562 892 5595 ne
907 5561 959 5608 que
970 5551 1030 5596 inde

278 5613 308 5658 in
323 5614 458 5671 republica
472 5615 561 5672 gravis
575 5617 703 5664 dissentio
716 5621 922 5664 commoveatur.

98 5677 206 5732 laninam,
222 5688 261 5730 ae·
321 5688 333 5731 1
347 5685 368 5726 2.
384 5685 475 5739 ltaque
484 5695 532 5741 pro
546 5695 577 5730 ea
586 5695 640 5742 qne
650 5685 818 5731 maiestatem
830 5689 903 5732 tuam
916 5687 1029 5734 caritate

91 5737 261 5827 ζ’ξξὶῗξωέθιψῡ·
279 5759 386 5795 summa
399 5751 609 5808 complectimur,
620 5753 826 5810 tranquillitatis
842 5757 904 5800 tuae
914 5754 1029 5801 maxime

92 5802 128 5878 ἦξε
138 5793 261 5890 ᾖίηὲξξζ
279 5815 408 5874 cupidt‚et
418 5817 484 5863 illuc
492 5819 663 5865 vehementer
672 5819 900 5878 incumbentee,nt
909 5823 937 5867 in
947 5823 1030 5868 omni·

43 5909 45 5940 ,
93 5899 113 5952 m
124 5895 206 5946 elimasa
218 5911 261 5944 m>
280 5883 339 5938 bue,
353 5893 421 5940 quae
432 5883 480 5931 tibi
494 5888 572 5942 grata
582 5897 639 5932 esse
650 5887 844 5944 existimemus,
854 5889 939 5945 quoad
955 5889 1028 5936 Sedis

93 5953 108 5982 6
117 5947 194 5994 coeam
205 5963 262 5997 con-
280 5951 362 5996 buius
376 5951 540 6008 apostolicae
553 5953 670 6010 dignitas
682 5953 785 6012 patitur
801 5959 827 6002 et
843 5956 978 6012 maiestas,
988 5970 1029 6004 vo·

1101 1249 1294 1312 orarentque
1310 1234 1488 1296 litterarum
1507 1233 1629 1305 studiis,
1646 1233 1764 1310 absque
1784 1233 1847 1295 nlla
1884 1227 2063 1286 16111765

1100 1328 1197 1391 animi
1213 1327 1465 1404 perturbatione,
1482 1342 1594 1390 vacare
1610 1327 1742 1404 possint.
1760 1327 1847 1389 ldeo·

1100 1436 1163 1497 que
1186 1437 1382 1498 magnopere
1405 1427 1545 1498 exoptat,
1562 1422 1660 1498 qnod,
1678 1420 1763 1480 iuxta
1789 1418 1847 1481 lto·

1100 1529 1268 1576 manorum
1293 1513 1480 1576 Pontificum
1504 1513 1739 1584 concessiones,
1764 1514 1847 1575 inter

1100 1607 1197 1684 ipsam
1214 1615 1247 1668 et
1262 1607 1466 1670 ecclesiarum
1485 1605 1646 1684 praesules
1662 1621 1759 1683 super
1774 1622 1847 1668 con-

1099 1700 1223 1763 terendi
1247 1702 1316 1762 inre
1338 1701 1446 1762 statuti
1474 1700 1538 1760 sint
1565 1699 1688 1760 indubii
1714 1699 1844 1771 limites,

1099 1795 1181 1856 intra
1210 1809 1290 1870 quas
1321 1795 1483 1870 praesules
1511 1793 1570 1872 ipsi
1599 1793 1632 1854 in
1663 1792 1845 1855 huiusmodi

1098 1887 1177 1948 iuris
1193 1887 1347 1950 exercitio
1358 1903 1427 1949 sese
1442 1887 1609 1949 continere
1624 1885 1761 1948 valeant.
1778 1885 1846 1961 Quo

1098 1997 1173 2044 serie
1205 1981 1354 2052 consilio,
1389 1997 1458 2053 noe,
1482 1981 1578 2044 etiam
1601 1979 1698 2042 nullis
1730 1980 1846 2042 nostris

1098 2075 1346 2152 suifragantibus
1369 2075 1504 2146 meritis,
1521 2075 1577 2136 sed
1593 2074 1660 2136 sola
1682 2074 1788 2136 divina
1804 2073 1844 2135 ta-

1099 2177 1195 2232 16616
1217 2169 1398 2239 clementia,
1421 2169 1453 2230 in
1484 2167 1566 2230 beati
1589 2168 1672 2229 Petri
1696 2168 1844 2229 cathedra

1097 2263 1258 2334 sedentes,
1282 2279 1412 2325 omnem
1441 2278 1551 2324 curam
1580 2261 1845 2324 sollicitudinem-

1097 2371 1160 2434 que
1182 2365 1323 2418 nostram
1346 2357 1378 2418 in
1393 2357 1423 2418 id
1440 2371 1570 2434 quaque
1581 2355 1789 2426 conterimus
1809 2363 1846 2416 ut

1096 2465 1208 2527 quasa
1225 2449 1522 2528 praedecessoribus
1539 2449 1655 2511 nastris
1675 2449 1845 2526 indulgen·

1097 2551 1145 2606 ter
1159 2551 1273 2606 statuta
1288 2551 1374 2614 sunt,
1387 2559 1482 2605 snum
1493 2543 1668 2605 sortiantur
1680 2542 1842 2612 ellectum,

1096 2646 1128 2700 et
1150 2639 1334 2718 praesulum
1364 2654 1423 2700 nec
1451 2653 1516 2698 nan
1538 2637 1743 2700 ecclesiarum
1768 2635 1844 2697 iuri-

1095 2733 1155 2795 bus
1187 2733 1269 2795 circa
1302 2733 1378 2794 baec
1409 2731 1560 2802 delinitis,
1585 2739 1709 2794 remota
1739 2730 1842 2806 quoad

1095 2843 1208 2888 eorum
1233 2841 1328 2888 nsum
1358 2825 1468 2902 quavis
1490 2824 1714 2901 quaestionum
1738 2839 1840 2893 causa,

1095 2937 1153 2999 pan
1170 2926 1202 2982 et
1217 2919 1432 2997 tranquillitas
1447 2917 1673 2980 ecclesiasticas
1690 2933 1842 2996 personas

1095 3015 1242 3077 foveatur
1264 3023 1296 3077 et
1317 3012 1467 3075 inviolata
1487 3020 1648 3073 servetur.

1088 3264 1189 3310 luctati
1212 3267 1272 3310 tuae
1287 3274 1471 3320 assequamur,
1486 3273 1545 3308 cnm
1567 3261 1663 3307 dilecta
1680 3259 1733 3306 tilio
1749 3263 1841 3306 nostro
1859 3273 2074 3316 praemutatio.

1088 3335 1185 3378 Ioanne
1200 3331 1339 3376 branciaco
1354 3328 1488 3375 cardinali
1503 3329 1611 3378 albano,
1626 3327 1672 3384 qui
1693 3337 1784 3372 rerum
1802 3339 1840 3370 re·
1859 3334 1906 3366 mcc
1927 3327 2021 3368 mone
2041 3329 2071 3370 Χ.

1089 3400 1207 3442 strarnm
1223 3397 1290 3442 satis
1304 3397 1432 3455 prudens,
1453 3407 1503 3442 nan
1524 3400 1579 3441 tani
1594 3395 1737 3452 diligenter
1752 3397 1779 3438 et
1794 3393 1839 3437 im·
1858 3381 1882 3420 ⁶²
1899 3379 1976 3422 Olim·
1997 3381 2051 3424 Vll.

1089 3465 1172 3520 pigre,
1196 3474 1276 3521 quem
1298 3463 1534 3519 circumspectione
1553 3473 1658 3508 summe
1673 3464 1698 3506 et
1713 3463 1840 3508 accurata

1087 3530 1299 3576 consideratione
1320 3529 1347 3575 id
1364 3530 1500 3586 negotium
1520 3529 1727 3583 administravit,
1743 3537 1839 3574 sermo

1089 3609 1148 3643 nem
1170 3598 1332 3643 contulimus
1346 3601 1427 3654 atque
1442 3607 1499 3642 rem
1514 3607 1619 3642 omnem
1635 3597 1672 3642 sic
1685 3596 1839 3642 commodis·

1088 3664 1154 3710 sime
1169 3669 1195 3710 et
1210 3665 1267 3710 siue
1277 3665 1434 3722 cuiusquam
1447 3663 1555 3721 querela
1570 3661 1663 3709 confici
1678 3663 1839 3720 putavimus,

1089 3734 1119 3776 ut
1129 3731 1276 3786 iubeamus,
1286 3731 1409 3778 lictoriae
1420 3735 1527 3778 nostrae
1537 3731 1675 3775 ministros
1685 3731 1838 3775 eorumdem

1088 3799 1318 3856 praedecessorum
1334 3803 1487 3845 nostrorum
1501 3799 1592 3844 Leonis
1607 3803 1633 3844 61
1645 3799 1787 3844 clementis
1802 3799 1839 3843 in-

1087 3866 1163 3912 dulta
1178 3872 1268 3912 sancte
1283 3865 1456 3924 imposterum
1473 3865 1650 3923 inviolateque
1665 3877 1781 3911 eernere.
1792 3870 1840 3911 ttu-

1087 3933 1129 3978 ius
1145 3933 1254 3991 negotii,
1269 3933 1297 3978 iu
1312 3943 1363 3990 qua
1382 3935 1527 3990 tantopere
1542 3937 1649 3990 tamque
1664 3933 1708 3978 diu
1723 3933 1757 3978 ad
1773 3933 1840 3978 hanc

1088 4011 1172 4057 usque
1187 4001 1255 4046 diem
1272 4000 1444 4046 versatieunt
1459 3999 1589 4056 homines,
1600 3999 1696 4058 quibus
1711 4001 1839 4046 16116616-

1088 4069 1209 4124 missum,
1224 4081 1282 4116 sem
1297 4071 1404 4116 demum
1420 4069 1567 4128 explicandi
1581 4069 1712 4114 rationem
1728 4080 1780 4114 666
1794 4069 1839 4114 du·

1088 4137 1205 4182 61161666
1219 4137 1281 4195 quin
1299 4142 1346 4183 tua
1361 4137 1487 4204 maiestas
1504 4137 1539 4182 sit
1549 4137 1702 4194 probatura.
1715 4135 1838 4192 Denique,

1088 4207 1168 4250 iteum
1191 4206 1309 4262 impense
1329 4208 1477 4262 precantes,
1492 4208 1522 4250 nt
1543 4204 1576 4250 ad
1599 4203 1758 4264 catholicam
1778 4204 1837 4249 reli·

1087 4273 1193 4328 glanem
1215 4273 1339 4318 tuendam
1360 4283 1386 4318 ec
1406 4273 1621 4330 amplificandam
1644 4272 1791 4318 maioribus
1811 4272 1837 4317 16

1087 4341 1144 4385 dies
1154 4341 1201 4386 tua
1216 4340 1342 4386 maiestas
1352 4343 1485 4397 angeatur
1498 4339 1591 4397 opibus
1601 4343 1628 4384 et
1641 4340 1768 4396 potentie,
1779 4339 1837 4395 tibi,
1923 4377 1926 4385 .

1086 4407 1243 4453 charissime
1258 4407 1285 4452 in
1300 4407 1406 4453 christo
1422 4407 1460 4452 tili
1471 4407 1751 4464 noster,apostolicam
1763 4407 1838 4452 bene·

1087 4474 1228 4520 dictionem
1243 4475 1428 4520 amentissime
1443 4473 1622 4532 impertimur.

1126 4543 1222 4587 batum
1242 4545 1350 4596 Romae,
1372 4541 1442 4598 apud
1461 4544 1484 4586 S.
1505 4540 1617 4587 Mariam
1636 4541 1772 4598 Maiorem,
1788 4543 1837 4588 sub

1086 4609 1186 4656 annulo
1196 4609 1346 4662 piscatoris,
1356 4608 1398 4654 die
1408 4619 1443 4653 nv.
1452 4608 1611 4665 septembris
1621 4619 1766 4665 nnccnxn,
1777 4622 1836 4666 pon·

1087 4675 1204 4723 tidcatus
1219 4676 1303 4724 nostri
1319 4687 1389 4722 anno
1403 4687 1429 4722 v.

1350 4813 1577 4825 *ιη-

1268 4980 1272 4992 .
1301 4953 1444 4996 Decedam
1460 4959 1622 5006 argumento

1220 5021 1367 5063 Gnesncicsi
1382 5022 1584 5074 Amntepiacopo
1603 5025 1702 5065 cambit.

1111 5154 1257 5196 Venerabili
1270 5155 1354 5203 matri
1371 5155 1503 5199 1116616166
1519 5158 1637 5210 orcamp.
1656 5159 1811 5204 messanensi,

1316 5289 1461 5332 CLEMENS
1477 5291 1521 5333 ΡΡ.
1538 5291 1602 5334 11111.

1323 5423 1484 5467 Venerabilis
1502 5426 1596 5473 batere

1172 5491 1287 5533 satutem
1300 5493 1325 5531 at
1338 5493 1513 5542 apostoticam
1531 5489 1744 5537 oencaicrtonom.

1123 5623 1170 5670 11.
1186 5621 1355 5679 voluptatem
1371 5623 1446 5670 nabis
1461 5635 1586 5682 magnam
1605 5627 1770 5672 nunciarunt
1783 5627 1833 5672 tre·
1870 5639 2066 5694 Arcnmptscom

1084 5688 1221 5734 termitetis
1238 5693 1298 5736 tuae
1312 5689 1415 5748 literae,
1425 5703 1546 5738 summae
1560 5703 1624 5750 erga
1639 5705 1685 5739 nos
1695 5695 1833 5740 observem·
1851 5692 2065 5740 observantiam

1084 5755 1137 5801 tiae
1152 5760 1178 5800 et
1192 5756 1219 5800 in
1234 5756 1302 5802 hauc
1317 5761 1440 5804 Sanctam
1460 5760 1553 5804 sedem
1572 5759 1694 5816 egregiae
1714 5761 1832 5807 volunta·
1851 5755 1916 5796 ‘W
1934 5749 1958 5789 ⁸·
1974 5749 2063 5792 sedem

1084 5823 1156 5876 tetis,
1167 5823 1314 5880 singularis
1328 5825 1475 5872 denotionis
1490 5830 1516 5872 et
1532 5828 1734 5884 flagrantissimi
1750 5829 1831 5874 studii
1851 5803 2026 5866 ⁰⁰mm⁶nda²²

1083 5890 1187 5948 plenae3
1203 5903 1234 5936 ex
1248 5891 1345 5948 quibus
1359 5891 1549 5948 intelleximus,
1559 5895 1720 5942 venerabiles
1735 5896 1831 5942 tratres

1083 5959 1198 6006 16166161
1211 5960 1289 6016 regni
1303 5961 1452 6016 antistites,
1463 5965 1583 6008 66616616
1598 5963 1630 6009 (16
1644 5963 1699 6008 illis
1713 5964 1832 6010 beneme
