4814 6992
925 650 1101 697 teudonius
1123 651 1174 696 PP.
1199 651 1251 698 XV.

310 764 472 828 licentiam
493 766 529 828 ad
553 781 654 829 novos
676 775 856 830 conventus
879 769 1059 830 cuiuscum-

311 875 386 936 que,
404 861 592 938 praesertim
609 861 872 936 mendicantium,
886 863 1013 926 Ordinis
1026 863 1059 925 in

311 953 491 1016 civitatibus
513 961 545 1015 et
566 953 643 1016 iocis
666 971 781 1018 eorum
810 957 988 1020 ordinariae
1012 957 1057 1018 iu-

312 1047 487 1110 risdictioni
519 1047 671 1110 subiectis
699 1050 872 1128 erigendos
901 1051 1059 1129 impartiri

312 1156 376 1202 non
398 1155 502 1218 posse,
523 1140 584 1203 nisi
599 1143 718 1204 vocatis
740 1151 773 1206 et
793 1144 907 1206 auditis
922 1144 1058 1207 aliorum

313 1233 346 1294 in
367 1233 488 1296 eisdem
503 1232 684 1297 civitatibus
706 1243 738 1298 et
759 1236 835 1298 locis
851 1237 1059 1300 existentium

313 1333 530 1390 conventuum
554 1328 726 1406 prioribus,
759 1347 816 1393 seu
849 1331 1061 1409 procuratori-

314 1422 383 1494 bus,
400 1427 432 1483 et
446 1421 514 1484 aliis
529 1421 686 1484 interesse
702 1423 904 1497 habentibus,
922 1433 954 1488 et
969 1442 1060 1488 causa

313 1516 446 1577 servatis
467 1517 635 1580 servandis
659 1519 797 1595 cognita,
820 1519 853 1580 in
876 1519 998 1582 eisdem
1019 1521 1060 1582 ci·

314 1608 462 1670 vitatibus
478 1615 510 1672 et
524 1610 601 1672 locis
616 1626 718 1674 novos
734 1613 918 1674 huiusmodi
934 1613 1059 1691 erigen-

313 1703 368 1764 dos
389 1710 579 1776 conventus,
602 1706 672 1767 sine
693 1705 829 1770 aliorum
852 1707 1058 1782 detrimento,

313 1797 480 1859 commode
495 1799 668 1860 sustentari
684 1815 787 1878 posse,
811 1801 1010 1876 constiteril;
1034 1801 1058 1862 si

312 1904 391 1951 vero
412 1889 450 1952 ab
472 1907 587 1954 eorum
610 1894 777 1954 sententiis
793 1895 829 1956 ad
847 1893 961 1956 Sedem
979 1893 1060 1974 Apo-

310 1985 453 2048 stolidam
476 1987 643 2064 provocari
658 1995 690 2049 et
704 1987 857 2066 appellari
876 1991 1058 2066 contigerit,

311 2081 396 2158 ipsos
417 2080 599 2143 Ordinarios
626 2081 745 2144 tamdiu
778 2083 974 2144 erectionem
1006 2099 1061 2144 no-

311 2190 427 2236 vorum
450 2180 669 2237 conventuum
700 2176 898 2253 suspendere
926 2176 1059 2250 debere,

311 2268 464 2346 quamdiu
487 2286 503 2330 a
525 2269 606 2330 dicta
637 2267 719 2332 Sede
750 2269 783 2330 in
806 2285 841 2331 ea
867 2285 957 2332 causa
990 2287 1060 2348 pro-

311 2363 497 2426 nunciatum
530 2363 684 2435 extiterit,
708 2379 767 2426 nec
794 2363 880 2434 alias,
911 2373 1007 2441 prout
1027 2365 1060 2426 in

312 2457 444 2520 decreto
465 2457 651 2520 huiusmodi
674 2458 800 2536 plenius
819 2461 1016 2522 continetur:

92 2571 294 2628 vasecumcae
354 2553 373 2627 ἓ
394 2552 422 2613 2.
441 2551 563 2614 Verum
580 2569 637 2630 per
651 2555 721 2632 piae
736 2556 912 2618 memoriae
927 2556 1059 2619 Paulum

87 2623 293 2731 ζξὲἓᾝᾞξῖ
312 2647 426 2733 Papam
440 2645 465 2709 v
481 2653 620 2725 accepto,
645 2647 817 2726 plerosque
833 2665 873 2710 ex
888 2646 1060 2714 Ordinariis

89 2731 149 2826 j.[·¹,{‘
173 2731 292 2836 &¹¹2¹ss
312 2740 492 2818 praedictis,
515 2739 625 2802 lavore
640 2741 693 2803 vel
709 2741 805 2802 nimia
817 2744 1059 2821 exposcentium

90 2851 129 2880 ⁵³·-
141 2839 289 2882 ¹1¹¹1⁰t³rit
309 2835 555 2913 importunitate
569 2835 724 2905 adnovos
740 2843 918 2898 conventus
933 2852 991 2898 seu
1007 2837 1060 2898 do-

309 2945 395 3002 mus,
420 2937 545 3007 praeter
562 2936 594 2991 et
608 2936 716 2991 contra
739 2937 886 2991 tenorem
908 2931 1060 3007 praedicti

269 3071 272 3079 .
308 3023 441 3094 decreti,
459 3022 631 3100 erigendos
647 3021 840 3101 plerumque
855 3023 978 3096 adduci,
996 3039 1059 3101 quo

308 3117 348 3179 tit
368 3123 413 3190 ut,
438 3133 501 3180 non
525 3116 629 3179 habita
651 3116 756 3179 debita
777 3117 1058 3196 eleemosynarum

306 3228 366 3274 seu
389 3211 574 3274 reddituum
596 3212 829 3288 cuiuscumque
858 3212 1056 3284 monasterii,

307 3311 500 3376 conventus,
524 3321 581 3366 seu
603 3305 717 3366 domus
739 3304 874 3376 ratione,
899 3305 1057 3378 monachi,

308 3415 367 3460 seu
383 3397 508 3470 iratres
525 3405 579 3461 aut
594 3394 736 3475 religiosi
755 3397 797 3459 ibi
814 3399 980 3474 degentes,
995 3415 1058 3460 rna·

309 3491 462 3554 nuteneri
488 3499 665 3569 nequeant,
696 3491 786 3554 etad
809 3497 872 3553 tam
902 3491 1057 3568 exiguum

308 3717 465 3762 servandam
487 3715 601 3761 maxime
622 3715 748 3772 pertinet,
762 3717 792 3759 ut
808 3714 835 3760 in
851 3715 1000 3771 quibusque
1014 3715 1056 3761 do·

308 3782 397 3828 mibua
412 3785 438 3826 et
453 3781 622 3828 monasteriis
637 3781 660 3826 is
675 3784 780 3826 tantum
804 3791 929 3826 numerus
944 3779 1056 3838 Religio·

309 3850 609 3908 sorum,qnicon1mode
621 3849 717 3895 ibidem
730 3849 766 3896 aii
778 3849 869 3906 possit,
879 3850 1056 3904 contineatur,

308 3929 384 3966 aceo
404 3918 506 3975 pariter
527 3921 627 3974 spectat
643 3921 671 3962 ut
687 3917 714 3962 in
736 3917 884 3974 quibusque
903 3916 1056 3962 civitatibus

309 3991 336 4034 et
356 3988 420 4033 locis
440 3997 523 4032 novae
544 3986 638 4030 domus
659 3989 685 4030 et
707 3985 877 4038 monasteria,
896 3984 1054 4041 praesertim

308 4053 525 4107 mendicantium,
540 4063 591 4098 non
611 4053 759 4108 erigantur,
774 4051 826 4096 nisi
841 4052 868 4096 in
883 4052 982 4098 eisdem
997 4053 1057 4098 civi-

310 4123 410 4168 tatibus
425 4123 451 4165 et
465 4119 537 4174 locis,
552 4118 667 4165 aliarum
689 4119 828 4164 domorum
844 4123 871 4164 et
886 4119 1056 4166 monasterio-

309 4199 370 4234 rum
384 4189 412 4232 in
426 4187 465 4232 eis
480 4186 653 4232 existentium
676 4185 768 4230 habita
788 4185 901 4240 ratione,
921 4185 1056 4232 commode

309 4256 457 4302 sustentari
471 4266 547 4312 posse
561 4255 744 4309 dignoscatur:

112 4339 244 4379 immam
263 4337 291 4377 gg.
350 4327 397 4374 si.
412 4327 465 4369 iiac
485 4323 570 4380 igitur
591 4333 638 4366 iios
658 4321 869 4366 consideratione
890 4321 971 4376 diroti,
988 4325 1015 4367 et
1029 4321 1057 4366 in

95 4397 214 4432 *attam
245 4390 291 4430 Re*
310 4390 463 4449 praemissis
478 4401 525 4446 pro
540 4395 631 4434 nostro
644 4387 772 4444 pastorali
787 4399 896 4434 inuuere
911 4391 1057 4445 opportune

92 4445 215 4516 ΨΜ
229 4451 291 4484 00’2'
310 4458 446 4516 providere
469 4457 593 4510 volentes,
615 4460 689 4500 motu
710 4456 824 4512 proprio,
840 4461 866 4502 et
881 4469 911 4501 ex
926 4459 999 4502 certa
1014 4467 1056 4502 no·

99 4499 291 4594 „ffssz‘sssgf‘
311 4530 368 4572 stra
381 4525 493 4580 scientia
506 4533 537 4568 ac
553 4525 659 4568 matura
679 4523 880 4580 deliberatione,
901 4525 984 4580 deque
998 4535 1058 4581 apo-

101 4585 288 4654 eje'nequeunt,
311 4593 419 4640 stolicae
440 4590 580 4648 potestatis
600 4589 773 4648 plenitudine,
795 4603 824 4635 ex
842 4596 901 4636 voto
922 4593 1003 4637 etiam
1018 4605 1056 4637 ve·

92 4659 291 4699 =·i³¹'¹'¹1¹t³'8⁸'2?²·il
312 4661 469 4707 nerabilium
491 4661 605 4704 fratrum
628 4661 779 4703 nostrorum
798 4661 908 4704 sanctae
924 4662 1057 4704 Romanae

90 4721 211 4783 j?',¹³'”*‘⁶
230 4721 291 4750 Μ·
311 4729 441 4775 Ecclesiae
463 4727 643 4772 cardinalium
667 4737 747 4783 super
769 4725 1008 4772 consultationibus
1031 4731 1057 4772 et

88 4768 179 4806 ''⁰⁰⁷ss
311 4795 425 4853 negociis
446 4797 633 4853 episcoporum
655 4797 682 4840 et
702 4794 877 4850 Regularium
899 4793 1058 4850 praeposito·

311 4875 379 4918 rum,
395 4865 491 4909 haruin
506 4863 575 4908 serie
589 4862 755 4907 declaramus
770 4861 888 4906 locorum
904 4861 1057 4907 ordinarios

312 4945 361 4978 iton
377 4943 451 4988 posse
465 4929 600 4976 licentiam
620 4929 652 4974 ad
672 4941 751 4974 noros
772 4933 915 4973 conventus
931 4928 1058 4985 cuiusque

311 4999 518 5045 mendicantium
540 4995 645 5042 Ordinis
665 4996 692 5040 in
714 4995 867 5041 civitatibus
888 5002 914 5040 et
934 4997 998 5041 locis
1020 5008 1058 5042 eo

310 5077 371 5112 rum
393 5065 545 5111 ordinariae
569 5063 747 5108 iurisdictioni
772 5063 897 5108 subiectis
920 5063 1058 5118 erigendos

311 5135 452 5190 impertiri,
466 5133 518 5178 nisi
533 5131 632 5177 vocatis
648 5135 675 5176 et
686 5131 786 5176 auditis
795 5131 910 5176 aliorum
922 5130 948 5175 in
959 5129 1058 5176 eisdem

310 5201 461 5249 civitatibus
476 5203 502 5246 et
517 5201 582 5246 locis
603 5200 776 5245 existentium
798 5201 975 5244 conventuum
991 5200 1058 5254 prio·

310 5272 384 5316 ribus
399 5281 445 5315 seu
459 5267 686 5325 procuratoribus,
701 5269 727 5312 et
742 5266 802 5313 eliis
820 5266 948 5312 interesse
964 5267 1058 5312 haben·

311 5339 390 5392 tibus,
404 5339 430 5382 et
445 5335 525 5382 causa
540 5335 653 5380 servatis
667 5333 804 5379 servandis
818 5333 924 5390 cognita
937 5334 1059 5379 constite-

310 5406 356 5458 rit,
370 5405 396 5448 in
410 5403 508 5448 eisdem
524 5401 677 5447 civitatibus
693 5404 719 5446 et
734 5401 797 5446 iocis
812 5411 892 5446 novos
904 5399 1058 5444 huiusmodi

310 5472 449 5528 erigendos
458 5473 610 5522 conventus,
621 5468 676 5514 sine
687 5468 802 5514 aliorum
813 5467 983 5522 detrimento,
992 5479 1059 5512 com-

15 5554 27 5591 ι’
312 5539 386 5583 mode
401 5538 547 5583 sustentari
563 5547 645 5593 posse.

15 5608 19 5669 l
92 5619 231 5668 pequam-5
247 5628 292 5659 fe.
352 5609 398 5655 st.
414 5605 441 5650 Si
455 5617 517 5652 vero
531 5604 565 5650 ab
580 5615 671 5648 eorum
687 5603 714 5647 in
729 5603 882 5649 huiusmodi
901 5604 989 5648 causis
1005 5615 1060 5648 sen·

16 5680 21 5727 l
88 5685 104 5712 ²¹
117 5675 230 5722 puerunt
240 5681 292 5723 ‘212-
311 5673 403 5720 tentiis
417 5673 450 5718 ad
464 5683 511 5718 nos
528 5675 554 5718 et
569 5671 745 5728 apostolicam
768 5671 859 5716 sedern
881 5671 1018 5727 provocari
1034 5673 1060 5714 et

17 5752 24 5779 ι
80 5729 210 5804 ζ’ᾸωΝΜ
220 5727 291 5767 S‘m'
310 5739 441 5799 appellari
461 5739 612 5796 contigerit,
628 5739 698 5796 ipsos
713 5737 867 5784 ordinarios
891 5737 991 5782 tamdiu
1006 5749 1061 5782 ere·

15 5812 16 5851 ι
79 5782 292 5876 ,jffffifgemfflff
310 5811 425 5856 ctionem
441 5819 569 5854 novorum
584 5811 761 5852 conventuum
783 5805 942 5862 suspendere
957 5805 1059 5858 debere,

18 5902 23 5911 ·
82 5889 254 5930 arumnorum.
310 5887 448 5935 quousque
458 5887 474 5922 a
484 5875 559 5921 nobis
570 5877 596 5920 et
607 5875 755 5931 apostolica
766 5873 830 5918 sede
841 5873 868 5918 in
879 5872 970 5917 eadem
980 5883 1060 5918 eausa

353 6057 381 6114 ι’)
401 6059 510 6103 Videtur
523 6059 665 6109 legendum
679 6054 847 6112 specialibus.

1810 631 1845 692 tl
1904 632 1955 688 Αιι.
1970 631 1997 686 G.
2014 630 2080 686 isat

1115 783 1287 830 nnmerum
1313 767 1525 840 reducantur,
1549 775 1584 830 ut
1610 766 1715 830 cultus
1737 765 1866 828 divinus

1116 863 1147 923 in
1170 877 1283 924 eorum
1304 861 1446 924 eeclesiis
1462 861 1667 934 destituatur,
1684 860 1793 937 ibique
1816 875 1866 920 re-

1116 956 1235 1034 gularis
1257 955 1433 1032 disciplina,
1449 961 1485 1017 ut
1499 955 1661 1026 convenit,
1678 953 1862 1016 conservari

1116 1064 1181 1110 non
1204 1047 1322 1124 valeat;
1347 1046 1439 1110 Sacra
1453 1047 1670 1126 dongrogatio
1685 1047 1863 1109 illustrissi-

1117 1158 1244 1204 morum
1262 1141 1323 1204 ιιι).
1342 1139 1558 1204 Cardinalium
1575 1141 1714 1218 negotiis
1729 1140 1864 1218 Regula·

1117 1237 1200 1298 rium
1218 1235 1485 1314 praepositorum,
1500 1235 1537 1297 ad
1553 1249 1633 1312 quos
1648 1234 1734 1296 idem
1747 1233 1862 1296 Paulos

1116 1331 1194 1409 Papa
1217 1329 1254 1392 V.
1285 1330 1451 1407 negotium
1481 1328 1665 1392 huiusmodi
1691 1329 1861 1401 reiecerat,

1117 1431 1162 1486 tot
1173 1424 1385 1486 incommodis
1398 1423 1524 1486 obviam
1536 1423 1596 1496 ire,
1611 1424 1721 1500 eisque
1737 1421 1864 1500 aliquod

1116 1524 1335 1594 opportunum
1351 1517 1532 1579 remedium
1548 1517 1702 1580 adhibere
1720 1517 1863 1596 cupiens,

1116 1612 1236 1673 decreti
1260 1611 1444 1674 huiusmodi
1465 1611 1610 1672 veriores
1631 1615 1761 1698 actotos
1778 1615 1866 1672 teno-

1116 1721 1166 1767 res
1179 1705 1412 1784 praesentibus,
1430 1721 1464 1766 ac
1478 1704 1553 1766 side
1565 1703 1716 1768 verboad
1728 1704 1864 1766 verbum

1116 1799 1340 1862 insererentur
1356 1798 1412 1880 (i),
1439 1815 1495 1878 pro
1512 1797 1607 1876 plene
1623 1803 1654 1860 et
1669 1797 1867 1860 sufficienter

1116 1894 1277 1972 expressis
1300 1893 1431 1964 liabens,
1456 1893 1548 1954 vivae
1580 1892 1667 1954 vocis
1700 1891 1829 1954 oraculo
1851 1909 1867 1952 a

1117 1985 1171 2048 SS.
1196 1987 1231 2048 ii.
1256 1987 1292 2049 N.
1317 1987 1473 2064 Gregorio
1496 1987 1575 2064 Papa
1598 1985 1653 2048 XV
1677 1985 1795 2056 liabito,
1813 1985 1866 2048 de-

1116 2089 1240 2144 cretum
1273 2082 1483 2160 praedictum,
1517 2087 1675 2160 quatenus
1708 2095 1787 2158 opus
1813 2079 1864 2152 sit,

1117 2177 1248 2238 innovat
1270 2183 1302 2237 et
1323 2177 1355 2237 in
1377 2191 1472 2238 usum
1495 2175 1636 2238 reducit:

1155 2271 1223 2346 53.
1251 2269 1379 2342 Veiens,
1404 2267 1489 2346 quod
1512 2270 1552 2331 de
1574 2277 1681 2332 cetero
1707 2275 1866 2332 monaste·
1904 2283 2099 2346 stupeantque

1116 2364 1212 2436 rium,
1230 2371 1419 2435 conventus,
1437 2364 1564 2434 domus,
1580 2362 1799 2440 congregatio,
1814 2363 1865 2424 vel
1885 2341 1910 2382 ‘³‘
1926 2339 2052 2383 mend*

1115 2458 1248 2518 societas
1259 2457 1509 2534 Religiosorum,
1522 2473 1578 2518 seu
1591 2456 1799 2534 Regularium
1813 2473 1865 2520 cu·
1969 2475 1986 2502 0

1115 2553 1317 2628 iussumque,
1335 2552 1428 2614 etiam
1445 2551 1708 2624 mendicantium,
1724 2551 1862 2622 Ordinis,

1115 2647 1274 2708 societatis
1291 2652 1323 2707 et
1338 2645 1485 2719 instituti,
1503 2661 1710 2722 quocumque
1733 2645 1865 2707 nomine

1115 2748 1355 2818 noncupentur,
1380 2741 1521 2802 etiamsi
1546 2741 1584 2802 de
1607 2739 1669 2802 illis
1699 2739 1865 2818 particula-

1114 2835 1169 2905 ris,
1193 2849 1343 2912 expressa
1362 2841 1394 2896 et
1414 2834 1559 2912 specifica
1575 2835 1698 2896 mentio
1720 2833 1865 2896 habenda

1115 2935 1209 3000 esset,
1227 2929 1259 2988 in
1275 2942 1478 3004 quacumque
1500 2928 1638 3000 civitate,
1660 2927 1712 2990 vel
1735 2929 1862 3006 oppido,

1114 3037 1171 3084 seu
1194 3036 1399 3099 quocumque
1421 3020 1483 3083 alio
1504 3021 1575 3084 ioco
1597 3037 1662 3084 non
1684 3022 1862 3099 erigantur,

1114 3115 1174 3176 nisi
1197 3116 1230 3176 in
1252 3131 1290 3178 eo
1315 3115 1428 3178 saltem
1458 3115 1627 3178 duodecim
1654 3115 1786 3188 iratres,
1811 3124 1866 3179 aut

1114 3211 1277 3282 monachi,
1301 3227 1358 3272 seu
1381 3210 1527 3286 religiosi
1548 3210 1744 3283 inhabitare,
1768 3228 1802 3273 ac
1824 3228 1864 3274 ex

1113 3303 1865 3384 redditibusetconsuetiseleemosynissusten-

1114 3398 1172 3458 tari
1194 3397 1330 3470 valeant,
1358 3415 1391 3460 ao
1414 3399 1536 3478 priores
1557 3415 1615 3460 seu
1637 3405 1862 3478 procuratores

1112 3491 1247 3554 aliorum
1273 3493 1555 3566 monasteriorum,
1569 3499 1791 3556 conventuum
1805 3510 1862 3555 seu

1111 3716 1315 3774 pronunciatum
1340 3715 1476 3771 extiterit,
1500 3714 1611 3760 irritum
1637 3715 1813 3761 nihilominus
1837 3721 1865 3762 et

1111 3783 1189 3828 inane
1204 3783 1374 3828 decernentes
1391 3781 1515 3840 quioquid
1530 3793 1605 3826 secus
1621 3793 1700 3840 super
1714 3783 1758 3829 bis
1771 3793 1788 3829 a
1802 3795 1865 3841 quo·

1112 3862 1201 3907 quam,
1217 3851 1309 3907 quavis
1330 3851 1499 3906 auctoritate,
1514 3849 1629 3894 scienter
1644 3851 1684 3895 vel
1699 3850 1863 3909 ignoranter,

1112 3917 1254 3974 covitigerit
1271 3917 1409 3964 attentari.

1152 3987 1199 4036 sd.
1216 3986 1341 4036 Quocirca
1362 3985 1493 4030 universis
1515 3984 1712 4031 venerabilibus
1734 3987 1863 4034 tratribus
1974 3995 2098 4035 (temnite-

1112 4053 1212 4100 nostris
1231 4053 1402 4108 patriarchis,
1417 4053 1587 4106 Primatibns,
1602 4053 1819 4112 ercliiepiscopis,
1835 4059 1863 4100 ii·
1881 4047 1921 4087 ⁸²⁰
1945 4047 2098 4089 (recrucian-

1112 4121 1225 4178 piscopis
1243 4125 1269 4166 et
1284 4121 1342 4166 aliis
1363 4121 1481 4165 locorum
1504 4121 1652 4166 ordinariis
1674 4133 1721 4177 per
1742 4133 1863 4178 praesen·
1882 4100 2098 4194 ss?’²⁶⁰,⁶⁸‘⁹''²'“'³'

1113 4191 1151 4233 tes
1167 4189 1193 4232 in
1210 4189 1309 4233 virtute
1324 4189 1430 4233 sanctae
1444 4186 1608 4233 obedientiae
1627 4187 1750 4234 districte
1764 4189 1863 4245 praeci·
1883 4157 2098 4248 ,2p‚,f‚⁰u⁸m⁸m⁰'

1112 4256 1206 4313 piendo
1228 4255 1384 4301 mandamus
1407 4257 1436 4300 ut
1456 4259 1609 4312 praesentes
1631 4259 1737 4302 nostras
1755 4257 1862 4303 litterae

1112 4323 1251 4368 observent
1266 4325 1292 4367 et
1307 4321 1441 4366 observari
1456 4325 1550 4366 current
1564 4325 1590 4366 et
1605 4322 1712 4368 saciant.

1152 4392 1198 4438 sd.
1215 4392 1269 4433 Non
1284 4387 1451 4432 obstantibus
1465 4387 1603 4444 quibusvis
1622 4389 1775 4446 apostolicis
1789 4402 1820 4436 ac
1835 4390 1862 4436 in
1915 4397 1975 4438 Non
1995 4397 2098 4438 obstari-

1113 4455 1316 4510 universalibue,
1332 4454 1546 4512 provincialibus,
1558 4455 1729 4512 synodalibus
1740 4457 1863 4504 conciliis
1882 4449 1952 4492 “0²1³
1991 4451 2096 4500 ditibus·

1113 4522 1190 4568 editis
1210 4523 1379 4578 generalibus
1395 4522 1434 4568 vel
1450 4521 1637 4579 spiritualibus
1654 4525 1681 4578 (Ἰ
1698 4525 1863 4571 constitutio·
1882 4513 2004 4554 mque·

1113 4590 1190 4636 nibus
1206 4591 1231 4634 at
1246 4589 1467 4646 ordinationibus,
1481 4601 1513 4635 ac
1526 4591 1738 4648 quibuscumque
1753 4593 1864 4638 statutis

1113 4660 1139 4703 et
1149 4657 1392 4712 consuetudinibus,
1401 4657 1483 4702 etiam
1494 4657 1654 4712 iuramento,
1662 4659 1864 4706 confirmatione

1113 4725 1265 4782 apostolica,
1281 4725 1320 4769 vel
1335 4723 1428 4781 quavis
1444 4723 1573 4770 firmitate
1590 4723 1644 4770 alia
1658 4725 1798 4782 roboratis,
1814 4729 1865 4784 pri·

1113 4791 1217 4848 vilegiis
1239 4803 1351 4848 quoque,
1373 4791 1484 4837 induitis
1505 4795 1531 4837 et
1551 4792 1653 4836 litteris
1668 4795 1819 4850 apostolicis
1834 4795 1861 4839 in

1113 4859 1277 4906 contrarium
1293 4859 1501 4916 praemissorum
1516 4859 1712 4915 quomodolibet
1722 4864 1861 4915 concessis,

1112 4926 1278 4972 contii-matis
1292 4930 1318 4971 et
1333 4925 1494 4983 approbatis.
1517 4925 1616 4976 Quibus
1633 4927 1756 4973 omnibus
1770 4931 1797 4973 et
1812 4930 1863 4974 sin·

1113 4995 1196 5050 gulis,
1226 5003 1317 5038 eorum
1345 4995 1450 5037 tenores
1476 4993 1661 5050 praesentibus
1687 5005 1735 5050 pro
1761 5007 1863 5052 expres·

1114 5061 1150 5108 sie
1165 5063 1301 5116 babentes,
1316 5061 1365 5106 hec
1381 5059 1436 5105 vice
1454 5060 1594 5106 dumtaxat
1613 5061 1765 5117 specialiter
1784 5065 1811 5107 et
1825 5075 1866 5107 ex-

1114 5141 1203 5187 presse
1222 5130 1390 5184 derogamus,
1410 5127 1575 5184 caeterisque
1596 5129 1739 5176 contrariis
1759 5130 1864 5186 quibus·

1113 5208 1235 5254 cumque.

1153 5267 1200 5314 55.
1217 5265 1345 5309 Volumus
1365 5266 1456 5308 autem
1479 5266 1509 5309 ut
1531 5264 1713 5321 praesentium
1733 5269 1864 5312 trausuru·
1909 5279 2098 5330 Transitorium

1114 5333 1175 5390 ptis,
1197 5333 1277 5378 etiam
1301 5331 1446 5388 impressis,
1468 5343 1548 5377 mann
1571 5332 1672 5378 notarii
1692 5333 1791 5390 publici
1806 5335 1864 5380 sub·
1884 5335 1977 5376 dorida
1993 5335 2066 5384 fides.

1114 5401 1229 5458 scriptis,
1244 5403 1270 5445 et
1292 5399 1382 5454 sigilio
1403 5399 1518 5445 alicuius
1538 5411 1665 5456 personae
1687 5400 1713 5444 in
1734 5399 1864 5458 dignitate

1114 5468 1291 5513 ecclesiastica
1305 5468 1466 5512 constitutae
1480 5467 1601 5522 munitis,
1616 5467 1707 5512 eadem
1718 5479 1826 5524 prorsus
1839 5470 1865 5514 n-

1114 5536 1159 5580 des
1173 5535 1341 5586 adhibeatur,
1356 5544 1423 5590 qnae
1447 5533 1511 5588 ipsis
1526 5533 1711 5589 praesentibus
1730 5535 1865 5581 adhibere·

1115 5607 1168 5657 tur,
1184 5601 1206 5646 si
1221 5601 1307 5646 forent
1321 5601 1455 5646 exhibitae
1470 5601 1512 5646 vel
1526 5603 1657 5646 ostensae.

1155 5673 1249 5715 Datum
1264 5673 1363 5714 Romae
1377 5669 1447 5726 apud
1463 5672 1485 5712 S.
1503 5671 1630 5724 Marcum,
1650 5669 1699 5714 sub
1713 5671 1812 5716 annulo
1827 5671 1867 5716 Pi-

1115 5737 1234 5788 scatoris,
1249 5736 1291 5781 die
1306 5747 1383 5782 xxrtr.
1399 5736 1458 5782 iulii
1473 5747 1577 5791 ancira,
1592 5736 1763 5792 pontificatus
1778 5739 1864 5784 nostri

1115 5816 1183 5850 anno
1198 5815 1244 5849 un.

1156 5871 1270 5927 (illidit.
1287 5869 1362 5916 ulain.
1378 5871 1442 5926 legit
1459 5875 1624 5916 insereretur.

1182 5985 1353 5996 -ιι--ιιι
