4836 7002
369 590 421 646 An.
434 589 464 652 C,
479 589 546 644 t7tt
605 587 662 650 {64

585 739 642 802 pro
668 738 750 786 nova
770 722 1036 786 'denominatione
1066 721 1196 785 [livinae
1223 720 1330 798 Provi-

583 817 709 879 dentiae
724 832 820 879 suum
836 819 1013 896 respective
1025 817 1221 882 desiderium
1233 814 1331 892 signi·

584 909 759 972 desierint.
789 908 854 972 Nos
880 925 959 973 vero
980 909 1234 981 considerantes,
1259 923 1331 986 pre-

583 1001 719 1063 vinciam
754 1002 940 1066 Litbuaniae
977 1019 1072 1065 suum
1108 1003 1169 1064 iam
1205 1002 1330 1081 pridem

583 1095 730 1158 obtinere
753 1095 881 1158 titulum
905 1095 1133 1160 Sanctissimae
1149 1096 1330 1166 Trinitatis,

581 1187 674 1251 sicuti
689 1189 838 1252 Poloniae
854 1191 1016 1270 provincia
1030 1192 1127 1254 aliurn
1145 1191 1240 1254 babet
1254 1189 1331 1251 Pra-

582 1281 726 1345 tectianis
760 1283 968 1348 Beatissimae
1007 1283 1166 1366 Virpinis,·
1198 1284 1331 1364 duplicis

580 1381 688 1438 autem
711 1377 840 1452 generis
861 1384 948 1441 actus
963 1377 1000 1440 ab
1016 1378 1134 1442 eisdem
1159 1378 1331 1457 provinciis

582 1468 727 1531 exerceri
757 1485 865 1548 posse,
890 1470 968 1533 alios
1001 1471 1154 1533 nimirum
1176 1472 1331 1535 universo

581 1559 691 1625 Ordini
721 1579 931 1636 communes,
966 1564 1043 1626 alios
1073 1580 1152 1626 vero
1186 1565 1331 1644 proprios

580 1655 783 1732 singularum
805 1655 1057 1731 provinciarum,
1082 1665 1263 1738 opportune
1279 1661 1331 1722 de-

580 1749 780 1812 cernendum
801 1750 998 1824 iudicamus,
1022 1753 1107 1830 quod
1133 1759 1219 1815 actus
1247 1769 1332 1816 eom-

581 1859 696 1906 muues
733 1845 943 1923 expediantur
978 1847 1037 1908 sub
1070 1847 1164 1909 titulo
1202 1846 1332 1912 Ordinis

581 1934 612 1998 S.
637 1935 750 2000 Basilii
771 1935 882 2018 Magni
904 1937 1135 2009 Rntlenaram,
1159 1941 1191 2001 in
1210 1941 1331 2003 actibus

582 2043 659 2091 vero
690 2029 904 2108 peculiaribus
934 2033 1115 2110 provinciae
1145 2033 1331 2098 Litbuaniae

580 2121 713 2184 addatur
750 2123 861 2186 titulus
897 2123 1125 2190 Sanctissimae
1160 2129 1331 2194 Trinitatis

584 2213 766 2286 linituram,
789 2225 883 2296 atque
908 2219 940 2280 in
966 2220 1015 2292 iis,
1040 2222 1095 2299 qui
1122 2225 1242 2302 proprii
1267 2225 1331 2288 siut

581 2311 763 2387 provinciae
776 2311 936 2386 Poloniae,
950 2314 1143 2392 adiungatur
1157 2317 1236 2379 alius
1252 2317 1329 2380 Pra-

580 2403 725 2465 teationis
748 2403 956 2468 Beatissimae
980 2405 1119 2487 'Virginis
1142 2409 1277 2481 Mariae,
1298 2423 1330 2476 et

580 2497 622 2559 ita
642 2497 773 2576 utrique
795 2499 978 2576 provinciae
993 2517 1069 2563 suus
1085 2506 1277 2580 praecedens
1294 2507 1330 2568 ti·

581 2591 667 2654 tulus
689 2599 909 2655 conservetur.

620 2685 639 2760 ἓ
660 2685 689 2746 b.
713 2685 821 2748 Altera
849 2703 889 2748 ex
911 2704 949 2750 eo
973 2697 1081 2753 ortum
1110 2691 1219 2766 habet,
1243 2695 1328 2772 quod

580 2777 743 2857 provincia
765 2777 952 2842 Litbuaniae
976 2785 1206 2846 monasterium
1223 2785 1329 2850 Lubii-

581 2887 679 2934 nense
701 2872 797 2935 cessit
817 2875 1000 2951 provinciae
1017 2875 1165 2940 Poloniae
1186 2895 1259 2941 cum
1274 2881 1328 2943 ali-

581 2965 697 3044 quibus
725 2967 980 3042 conditionibus,
1005 2977 1038 3032 et
1068 2972 1233 3049 signanter
1255 2991 1328 3037 cum

581 3075 634 3130 ea,
665 3061 750 3136 quod
778 3059 964 3124 huiusmodi
986 3065 1086 3143 cessio
1107 3081 1164 3129 seu
1187 3068 1329 3132 dimissio

580 3159 713 3216 eatenus
725 3153 833 3216 valere
849 3155 973 3230 debeat,
990 3172 1160 3236 quousque
1171 3177 1187 3222 a
1200 3160 1231 3224 S.
1247 3161 1328 3225 Sede

581 3244 755 3316 decidatur,
772 3257 883 3310 utrum
898 3249 955 3311 alia
978 3251 1147 3314 duodecim
1171 3266 1329 3320 monaste·

581 3339 640 3409 ria,
678 3355 759 3416 quae
791 3341 872 3403 inira
908 3343 988 3405 tlnes
1024 3346 1206 3423 provinciae
1239 3349 1329 3412 Polo·

581 3435 651 3496 niae
686 3435 858 3496 constituta
887 3451 958 3498 esse
987 3437 1160 3514 dicuntur,
1191 3448 1224 3504 et
1251 3459 1328 3520 oua-

580 3541 655 3590 rum
676 3528 835 3606 possessio
851 3537 900 3592 est
913 3531 994 3610 apud
1012 3533 1209 3610 provinciam
1226 3535 1329 3600 litua-

581 3623 669 3694 niae,
693 3623 871 3701 praedictae
900 3625 1082 3703 provinciae
1104 3627 1252 3693 Poloniae
1275 3633 1327 3694 de-

580 3717 677 3779 beant
704 3716 869 3793 assignari.
893 3717 1015 3780 Verum
1038 3719 1070 3780 in
1097 3725 1258 3799 praesenti
1280 3741 1329 3787 re-

580 3825 654 3872 rum
685 3816 768 3873 statu
800 3826 858 3873 uos
891 3812 971 3874 nilril
1007 3813 1092 3876 aliud
1131 3819 1328 3895 respondere

582 3919 763 3981 possumus,
787 3912 1011 3984 praeterquam
1033 3909 1246 3986 supradictam
1263 3929 1329 3976 ees·

579 3997 705 4060 sionem
738 3999 925 4061 monasterii
958 3999 1164 4065 Lubiinensis
1194 4021 1209 4066 a
1237 4007 1327 4068 uobis

579 4092 758 4169 approbari.
795 4092 884 4155 Circa
906 4093 1030 4172 reliqua
1052 4109 1131 4159 vero
1155 4098 1328 4162 ulteriores

580 4194 778 4264 opportunae
800 4187 872 4249 lacti
894 4187 1137 4250 iulormationes
1162 4192 1254 4252 vobis
1273 4209 1327 4256 ex-

580 4279 738 4342 hibendae
753 4289 861 4352 erunt,
878 4287 914 4343 ut
934 4296 1032 4359 super
1049 4281 1186 4345 aliorum
1209 4285 1328 4349 duode-

579 4374 641 4436 cim
665 4375 937 4437 monasteriorum
960 4376 1152 4454 pertinentia
1174 4378 1327 4443 iudicium

580 4475 727 4531 nostram
744 4470 915 4532 eilormare
931 4471 1102 4548 possimus.
1120 4473 1280 4550 Equidem
1296 4475 1326 4536 in

580 4562 710 4627 cumulo
738 4564 988 4641 seripturarum,
1013 4580 1094 4642 qnae
1122 4567 1214 4629 nobis
1244 4585 1328 4630 com·

581 4657 758 4718 manicatae
780 4657 923 4730 luerunt,
936 4657 975 4720 de
992 4673 1105 4720 eorum
1130 4661 1328 4737 possessione

579 4751 661 4830 apud
683 4751 880 4830 provinciam
908 4751 1094 4815 titbuaniae
1116 4755 1250 4817 minime
1273 4757 1329 4817 du·

579 4845 709 4909 bitatur.
732 4845 812 4908 illud
836 4861 965 4924 quoque
987 4849 1150 4918 asseritur,
1175 4849 1329 4912 nonnulla

580 4957 619 5002 ex
641 4940 679 5000 iis
700 4939 828 5000 lundata
851 4939 949 5002 luisse
973 4956 1029 5018 pro
1051 4940 1228 5005 Litlruanis.
1247 4943 1328 5006 llaec

580 5033 734 5096 nimirum
757 5033 836 5096 lacta
851 5032 1049 5096 dilucidanda
1064 5042 1155 5106 sunt,
1172 5051 1328 5114 recogno-

579 5127 713 5190 scendae
739 5126 960 5198 fundationes,
991 5126 1195 5205 explicandae
1218 5147 1328 5194 causae

581 5228 711 5300 propter
739 5236 816 5299 quas
849 5221 1012 5298 provincia
1038 5221 1186 5285 Poloniae
1212 5239 1326 5286 eorum

579 5315 756 5377 cessionem
792 5330 877 5377 nuuc
912 5313 971 5376 sibi
1004 5315 1114 5378 deberi
1149 5318 1324 5381 contendit.

578 5408 663 5483 Quae
685 5409 801 5480 omnia,
826 5409 851 5468 si
874 5407 963 5486 libet,
980 5409 1062 5474 intra
1084 5410 1184 5473 breve
1201 5419 1326 5490 tempus

478 5570 484 5584 ‚
579 5512 611 5567 et
626 5503 745 5580 absone
761 5519 875 5580 magna
897 5503 1038 5582 impensa
1055 5503 1163 5582 pertici
1179 5513 1323 5582 possunt,

578 5596 800 5660 concordando
821 5596 941 5658 scilicet
960 5596 1076 5658 lactum
1092 5611 1198 5658 coram
1214 5604 1326 5660 nostro

578 5689 698 5754 Nuntio
720 5690 800 5768 apud
817 5689 966 5752 Poloniae
988 5705 1128 5766 regnum
1150 5690 1323 5764 residente,

579 5783 632 5846 vel
653 5799 760 5845 coram
782 5782 868 5845 illius
890 5783 1035 5845 auditore
1063 5799 1118 5844 seu
1149 5783 1210 5844 alio
1233 5785 1325 5847 mini-

578 5882 644 5937 stro
667 5876 841 5940 abeodem
865 5877 1058 5956 deputando,
1076 5877 1111 5938 ad
1135 5877 1207 5948 lroc,
1222 5886 1258 5940 ut
1272 5880 1325 5942 de·
1352 5882 1354 5921 ¹

579 5969 653 6032 inde
679 5971 716 6033 ad
740 5988 796 6034 nos
824 5971 1006 6036 remittatur
1037 5970 1176 6034 veridica
1198 5971 1322 6047 relatio,
1351 5928 1354 6035 l

1101 603 1167 650 1ttlt.
1190 604 1282 650 PONT.
1306 605 1347 650 DE
1368 605 1398 650 1³.
1422 603 1452 650 1.
1477 603 1560 648 ΗΕΒ
1582 603 1604 648 1.

1389 727 1457 782 tum
1479 720 1562 794 lacti,
1587 727 1657 784 tum
1678 721 1774 784 etiam
1797 721 1957 783 rationum
1975 719 2132 792 omnium,

1387 828 1468 891 quae
1499 830 1605 876 coram
1636 814 1705 893 ipso
1731 815 1885 891 utrinque
1917 814 2132 884 deducentur,

1387 907 1504 984 quibus
1527 907 1672 986 peractis,
1697 907 1830 970 minime
1846 906 2068 970 cunctabimur
2081 921 2134 984 ap-

1387 1008 1557 1080 portunam
1580 1002 1813 1065 resolutionem
1829 999 1975 1080 prolerre
1991 1005 2052 1062 etc.

1426 1094 1494 1171 §b
1519 1097 1605 1158 inter
1628 1097 1704 1159 baec
1719 1103 1837 1168 autern,
1856 1097 1932 1158 dum
1953 1093 2133 1172 lletropoli-

1388 1197 1479 1252 tanus
1507 1191 1668 1252 rationum
1699 1198 1861 1252 momenta
1890 1204 1971 1266 uuae
1999 1188 2037 1250 ab
2066 1188 2134 1266 ipso

1387 1289 1480 1356 sunt,
1510 1292 1604 1361 atque
1635 1283 1771 1346 Abbates
1803 1283 1953 1345 similiter
1985 1298 2020 1344 ea
2053 1295 2134 1358 auae

1386 1377 1530 1456 ipsorum
1553 1376 1724 1438 intentioni
1739 1375 1847 1438 lavere
1862 1383 2005 1454 possunt,
2022 1374 2134 1436 maiori

1388 1489 1449 1552 qua
1464 1479 1617 1552 poterunt
1631 1472 1807 1545 eeleritate,
1825 1473 1915 1535 nobis
1929 1473 2070 1534 indicare
2082 1488 2134 1535 cu-

1387 1566 1520 1636 rabunt,
1545 1566 1732 1638 statuimus,
1756 1574 1793 1627 nt
1814 1566 2077 1644 Metropolitanus
2099 1565 2132 1626 iu

1387 1660 1473 1722 illius
1500 1660 1594 1730 iuris,
1617 1659 1703 1736 quod
1732 1659 1765 1722 in
1794 1659 1952 1737 Abbatum
1982 1674 2134 1738 personas

1388 1753 1521 1825 obtinet,
1545 1753 1732 1832 possesione
1755 1761 1953 1832 perseveret.

1426 1849 1445 1922 ἓ
1467 1845 1495 1908 7.
1520 1845 1599 1908 Huic
1626 1854 1735 1909 autem
1763 1847 1916 1926 epistolae
1945 1855 2074 1908 nostrae
2100 1846 2133 1908 il·

1388 1957 1463 2003 nem
1493 1940 1660 2018 imponere
1693 1941 1784 2003 nullo
1817 1941 1911 2004 mado
1943 1957 2131 2020 possumus,

1387 2033 1464 2113 quin
1487 2033 1603 2095 debitis
1624 2033 1771 2097 laudibus
1799 2049 2032 2112 prosequamur
2058 2048 2131 2096 ven.

1386 2127 1516 2189 tratrem
1548 2126 1755 2188 Athanasium
1786 2127 1977 2190 hodiernum
2004 2127 2134 2190 llussiae

1386 2219 1687 2298 Metropolitanum,
1710 2219 1800 2281 cuius
1821 2219 1937 2280 eximia
1965 2220 2069 2281 virtus
2091 2231 2134 2282 at-

1387 2329 1449 2391 que
1470 2315 1586 2375 ardens
1609 2312 1775 2390 religionis
1797 2312 1970 2376 catholicae
1992 2313 2134 2376 studium

1385 2405 1573 2483 sinceraque
1595 2407 1724 2470 devotio
1747 2421 1823 2482 erga
1842 2405 1985 2486 llpostol.
2003 2405 2131 2481 Sedem,

1386 2506 1418 2561 et
1438 2514 1532 2577 saepe
1554 2497 1632 2562 alios
1654 2498 1749 2580 (siat)
1771 2506 1804 2561 et
1825 2500 1858 2562 in
1874 2499 1988 2561 irarum
2004 2515 2133 2578 quoque

1386 2607 1497 2654 rerum
1512 2593 1697 2655 tractatione
1711 2591 1895 2655 luculenter
1911 2591 2130 2655 eminuerunt.

1385 2685 1464 2748 ilinc
1485 2693 1544 2758 est,
1568 2692 1604 2747 ut
1625 2685 1706 2747 uuili
1729 2686 1856 2758 melius,
1883 2700 1978 2763 quam
2000 2686 2058 2763 ipsi
2081 2687 2133 2748 de-

1386 2779 1528 2842 mandari
1557 2795 1649 2858 posse
1677 2779 1856 2841 iudicemus
1889 2778 2045 2856 gravioris
2068 2795 2134 2841 rno-

1385 2874 1486 2935 menti
1508 2873 1691 2951 negocium,
1716 2874 1802 2950 quod
1826 2873 1875 2935 bic
1893 2872 2131 2949 subiungimus.

1385 2968 1479 3030 Plura
1501 2983 1618 3045 nempe
1642 2967 1834 3029 monasteria
1849 2968 1882 3028 in
1901 2965 2063 3045 provincia
2079 2965 2134 3026 Po-

1384 3062 1488 3125 loniae
1510 3076 1581 3122 esse
1603 3061 1754 3123 novimus
1768 3061 1804 3122 ad
1822 3076 1891 3122 eam
1914 3066 2133 3139 paupertatem

1385 3155 1527 3226 redacta,
1551 3161 1588 3216 ut
1609 3157 1663 3214 tir
1685 3155 1765 3216 duos
1787 3163 1841 3217 aut
1868 3161 1933 3216 tres
1960 3153 2133 3215 monachos

2173 584 2224 640 Au.
2237 584 2266 640 C.
2280 585 2344 642 titt

1384 3249 1470 3311 alere
1492 3247 1629 3326 possint,
1654 3247 1685 3309 in
1709 3247 1893 3309 huiusmodi
1909 3262 2019 3309 rerum
2035 3253 2129 3320 statu,
2201 3273 2204 3280 ·

1384 3343 1552 3407 canonicae
1575 3341 1664 3418 leges
1681 3341 1890 3420 praecipiunt,
1908 3341 2049 3419 plurium
2066 3359 2133 3404 mo-

1384 3435 1600 3499 nasteriorum
1619 3434 1773 3496 unionem
1790 3433 1964 3497 taciendam
1980 3450 2061 3508 esse,
2080 3435 2133 3496 do-

1385 3547 1443 3594 nec
1471 3531 1504 3591 in
1534 3528 1670 3606 singulis
1702 3528 1904 3590 monasteriis
1931 3529 2042 3590 decem
2077 3529 2129 3592 vel

1383 3624 1496 3687 saltem
1508 3632 1578 3686 octo
1592 3621 1738 3684 monachi
1751 3621 1920 3684 commode
1932 3637 2133 3699 congregare

1384 3719 1522 3781 valeant.
1542 3717 1588 3780 ld
1606 3717 1705 3778 multa
1724 3715 1823 3793 igitur
1840 3715 2041 3778 laudabiliter
2057 3717 2132 3781 buc-

1383 3827 1485 3890 usque
1516 3821 1658 3891 peracta,
1690 3811 1749 3870 boc
1779 3810 1875 3871 etiam
1898 3809 1989 3872 addat
2017 3810 2132 3874 llletro·

1384 3907 1543 3986 politanus
1564 3907 1629 3986 (cui
1654 3922 1712 3967 uos
1738 3905 1875 3983 idipsum
1903 3905 2131 3968 demandamus

1385 4015 1563 4078 omnesque
1592 3993 1826 4063 facultates'ad
1851 3999 1910 4060 boc
1939 3999 2132 4080 necessarias

1384 4101 1416 4156 et
1438 4101 1633 4173 opportunas
1655 4091 1874 4172 impertimur)
1888 4099 1925 4154 ut
1945 4093 2040 4155 simul
2059 4109 2131 4156 cam

1384 4189 1759 4251 Proto-Arabimandrita
1774 4193 1805 4248 et
1820 4186 2059 4249 consultoribus
2078 4203 2130 4265 ge-

1384 4283 1561 4356 neralibus,
1586 4299 1645 4344 nec
1675 4298 1738 4344 non
1769 4281 1956 4360 provinciali
1983 4281 2131 4344 Poloniae

1384 4377 1593 4454 eiusdemque
1604 4375 1786 4454 provinciae
1799 4375 2008 4446 consultorio,
2020 4375 2055 4437 ad
2074 4375 2131 4437 bu-

1384 4471 1520 4533 iusmodi
1544 4470 1729 4532 tenuiorum
1752 4467 2023 4530 monasteriorum
2041 4468 2131 4530 unio·

1384 4581 1459 4626 nem
1486 4563 1702 4641 peragendam
1732 4561 1905 4624 incumbat.
1938 4561 2027 4636 ouon
2055 4579 2131 4625 sane

1384 4658 1563 4737 prollcuum
1593 4673 1682 4735 apua,
1706 4656 1805 4734 ipsius
1834 4671 1920 4728 cura,
1945 4664 1980 4719 ut
2001 4657 2131 4720 conlidi·

1385 4769 1467 4824 mus,
1488 4759 1575 4815 recte
1591 4752 1834 4830 perficiendum,
1851 4752 1906 4813 ubi
1921 4753 1956 4814 ad
1974 4750 2131 4829 Apostoli-

1383 4865 1450 4910 cam
1474 4847 1590 4909 Sedem
1613 4846 1712 4924 ipsius
1741 4845 1854 4906 relatio
1876 4845 2054 4919 deleretur,
2078 4863 2131 4908 au-

1383 4940 1529 5002 ctoritate
1544 4944 1652 5000 nostra
1667 4937 1878 5014 comprobare
1893 4945 1925 4998 et
1939 4939 2130 5000 condrruare

1384 5050 1447 5096 non
1470 5031 1686 5095 dubitavimus
1708 5039 1767 5093 etc.

1423 5125 1536 5188 ilatum
1563 5125 1691 5196 nomae,
1721 5125 1803 5201 apud
1831 5123 1862 5186 S.
1889 5124 2014 5186 Mariam
2039 5125 2130 5188 llaio-

1384 5237 1464 5292 rem,
1489 5219 1549 5280 sub
1570 5217 1690 5280 annulo
1719 5217 1896 5288 Piscatoris,
1925 5217 1975 5279 die
1997 5234 2032 5280 n.
2058 5219 2130 5280 maii

1383 5327 1568 5384 naccxurv„
1593 5311 1794 5390 pontificatus
1817 5311 1919 5371 nostri
1940 5327 2023 5372 anno
2046 5327 2088 5372 ιι.

1737 5592 1774 5656 V.

1384 5784 1496 5848 (larcia
1522 5783 1734 5852 limananrieli,
1752 5783 1924 5846 Sardiniae
1942 5786 2022 5865 rapi,
2038 5803 2129 5864 qnae-

1420 5879 1494 5942 dam
1527 5877 1699 5958 privilegia
1730 5877 1855 5958 cansam
1883 5893 1941 5957 pro
1974 5879 2129 5959 cappella·

1420 5972 1471 6034 nis
1492 5969 1708 6034 castrensibus
1729 5975 1786 6032 ete.
