4756 6994
83 575 119 630 ln.
129 568 151 624 G.
164 564 223 622 tttt

891 585 1035 632 oteness
1056 587 1107 632 rr.
1131 587 1188 632 xrr.
1744 575 1800 636 143
1857 573 1953 631 And.
1967 575 2036 630 1758

1067 703 1249 766 adscribere
1272 703 1364 766 nobis
1394 705 1502 767 datum
1534 705 1651 778 luerit,
1674 712 1711 768 ut
1735 706 1819 770 chri-

1065 795 1220 858 stitideles
1250 796 1429 859 mirabilem
1465 798 1567 860 lleum
1599 799 1819 877 praedicantes

1066 889 1099 951 in
1123 888 1244 952 Sanctis
1267 891 1350 962 suis,
1375 906 1556 968 eorumque
1578 892 1741 954 intuentes
1763 908 1817 954 ex·

1066 981 1159 1054 itum,
1174 984 1426 1046 conversationis
1441 985 1647 1048 imitarentur
1660 993 1691 1047 et
1706 985 1815 1048 tidem.

299 702 318 774 §
346 700 375 762 3.
405 699 588 762 blandantes
620 707 791 779 propterea
825 701 857 763 in
889 701 1011 765 virtute

259 801 383 856 sanctae
413 793 614 856 obedientiae
642 794 791 856 omnihus
822 801 854 856 et
875 794 1011 870 singulis

260 885 522 950 christifidelibus
550 887 739 950 earumdem
769 887 935 950 civitatum
961 905 1011 952 ce-

261 983 414 1060 terisque,
438 983 474 1046 ad
498 998 579 1059 quos
602 989 722 1060 spectat
747 991 779 1044 et
802 983 956 1062 spectabit
978 983 1010 1045 in

259 1076 420 1150 futurum,
444 1083 480 1138 ut
502 1085 533 1138 te
555 1077 593 1137 ad
618 1077 844 1140 demandatum
875 1076 930 1140 tibi
953 1093 1010 1156 per
1066 1075 1100 1137 ln
1123 1076 1183 1137 boc
1209 1085 1315 1140 autern
1339 1077 1470 1140 maximi
1492 1079 1650 1142 momenti
1672 1080 1814 1156 negotio,

259 1177 447 1249 praesentes
476 1170 646 1232 vicariatus
683 1169 822 1232 cilicium
857 1170 1010 1248 illiusque
1066 1184 1139 1231 cum
1168 1169 1266 1242 nihil,
1297 1170 1382 1246 quod
1414 1172 1598 1234 veneranda
1627 1172 1816 1250 antiquitate

259 1263 398 1326 liberum
423 1263 626 1334 exercitium,
650 1263 738 1326 iuxta
761 1263 949 1326 earumdem
966 1271 1010 1324 te·
1066 1263 1310 1341 praescriptum,
1327 1265 1525 1328 sanctissime
1541 1273 1705 1328 servatum
1729 1273 1812 1338 erat,

259 1373 374 1419 uorem
396 1363 635 1434 praesentium,
667 1357 822 1434 recipiant
844 1363 876 1418 et
898 1356 1010 1418 admit·
1066 1363 1098 1417 et
1120 1363 1224 1418 tantae
1246 1358 1293 1420 rei
1317 1357 1454 1434 gravitas
1477 1358 1636 1435 erigebat,
1658 1359 1814 1422 omissum

259 1457 328 1512 tant
349 1455 447 1526 teque
469 1455 702 1528 recognoscant
723 1457 755 1512 et
774 1449 831 1510 tibi
852 1449 885 1510 in
908 1449 1010 1512 omni·
1065 1455 1161 1520 esset,
1177 1449 1308 1512 insimul
1325 1450 1576 1527 gratulabamur,
1593 1452 1714 1514 iteratis
1728 1469 1816 1530 prae-

258 1543 329 1616 bus,
347 1559 428 1620 quae
444 1545 481 1606 ad
503 1544 588 1606 idem
612 1543 750 1605 olllcium
767 1543 941 1621 pertinent,
960 1558 1010 1603 re·
1034 1606 1037 1627 ‚
1064 1543 1184 1612 sulum,
1198 1544 1388 1616 antistitum,
1404 1545 1595 1623 principum,
1614 1555 1811 1624 magnatum,

258 1638 402 1716 spectire
418 1645 559 1715 pareant,
578 1637 704 1698 lareant
718 1644 751 1698 et
765 1634 922 1708 assistant,
944 1643 1009 1698 tua·
1066 1651 1100 1697 ac
1121 1636 1325 1713 potissimum
1347 1638 1524 1700 charissimi
1547 1639 1580 1702 in
1601 1639 1729 1702 Christo
1755 1639 1813 1702 dlii

259 1747 323 1810 que
345 1731 483 1794 salubria
517 1732 637 1794 monita
662 1738 696 1792 et
725 1731 870 1792 mandata
904 1729 1008 1792 humi·
1066 1730 1168 1790 nostri
1184 1729 1336 1792 Ludovici
1359 1731 1555 1794 Francorum
1570 1733 1656 1810 regis
1671 1733 1815 1796 christia·

260 1827 331 1888 litas
362 1826 537 1905 suscipiant
568 1833 601 1887 et
632 1823 802 1886 efficaciter
833 1823 1010 1902 adimplere
1035 1846 1037 1892 ε
1065 1821 1188 1882 nissimi
1204 1823 1287 1884 rotis
1302 1840 1335 1886 ac
1351 1824 1500 1901 precibus
1518 1825 1713 1888 satisfactum
1730 1842 1812 1888 esse.

259 1926 453 1998 procurent3
476 1919 619 1997 alioquin
641 1918 1010 1996 sententiamsirepoe-
1035 1897 1037 2017 Ι
1064 1914 1292 1993 hdaugehatur
1328 1917 1422 1979 etiam
1457 1919 1609 1995 gaudium
1644 1927 1812 1991 nostrum,

258 2029 345 2085 nam,
369 2028 464 2091 quam
488 2013 549 2074 rite
581 2012 694 2074 tuleris
717 2026 774 2073 seu
804 2012 953 2073 statueris
976 2011 1009 2072 in
1035 2026 1037 2135 p
1065 2010 1149 2086 quod
1169 2011 1321 2072 universa
1337 2011 1478 2074 Ecclesia
1493 2013 1710 2074 etGalliarum
1726 2027 1814 2090 prae·

259 2107 418 2178 rebelles,
443 2116 542 2170 ratam
563 2107 754 2169 babebimus
780 2113 812 2168 et
836 2105 1007 2176 iaciemus,
1064 2102 1177 2165 sertim
1197 2104 1361 2167 dioeceses
1378 2105 1653 2168 canonizationem
1669 2107 1814 2168 eiusdem

259 2209 390 2264 auctore
412 2201 560 2274 Domino,
576 2215 680 2278 usque
703 2201 739 2262 ad
761 2199 1009 2262 satislactlonem

259 2297 452 2373 condignam
473 2294 701 2358 inviolabiliter
724 2294 900 2356 observari.

300 2391 368 2466 §b
392 2389 463 2452 Non
493 2388 693 2451 obstantibus
723 2394 782 2449 etc.
814 2387 1010 2450 confirmatis

260 2493 293 2548 et
323 2483 493 2547 innovatis.
526 2481 646 2556 Quibus
679 2481 829 2542 omnihus
861 2487 921 2542 etc.
956 2497 1010 2542 er-

259 2595 370 2656 prcsse
403 2577 607 2654 derogamus,
635 2573 817 2650 ceterisque
842 2573 1010 2638 contrariis

260 2672 529 2750 quibuscumque.

300 2767 413 2827 Datum
436 2765 566 2835 Romae,
591 2764 671 2842 apud
703 2761 734 2824 S.
766 2763 894 2824 llariam
919 2761 1011 2823 llaio-

258 2875 342 2930 rem,
366 2859 425 2920 sub
447 2857 567 2920 annulo
589 2856 767 2928 Piscatoris‚
792 2857 842 2918 die
866 2871 941 2917 xxx.
958 2872 1012 2916 au-

260 2954 345 3032 gusti
368 2966 594 3022 nuecxxmu,
618 2956 706 3029 pont.
724 2949 826 3010 nostri
842 2965 925 3010 anno
941 2965 1009 3010 viu.

609 3235 661 3297 XI.

260 3425 428 3488 detrectatio
450 3429 480 3486 et
502 3423 686 3486 oncrtllutio
708 3420 825 3484 decreti
846 3436 901 3482 seu
924 3435 1011 3482 orre-

299 3519 341 3580 stt'
368 3516 426 3580 stab
459 3517 572 3580 titulo:
602 3515 715 3577 Arrest
743 3517 783 3576 tle
810 3513 838 3576 la
859 3513 946 3576 Gour
968 3513 1010 3574 du

299 3612 493 3682 Parlement,
523 3611 578 3688 qui
606 3609 771 3688 supprime
793 3625 838 3670 un
859 3606 1010 3685 imprime

300 3704 448 3767 intitulc:
487 3703 694 3766 Canonizatio
728 3702 762 3763 ll.
799 3699 960 3764 Vincentii
994 3716 1011 3761 a

301 3797 409 3870 Paulo,
444 3797 570 3858 Parisiis
603 3805 635 3857 et
667 3795 750 3873 typis
783 3795 865 3856 Petri
899 3792 1010 3856 Simon

299 3909 527 3963 dcccxxxvii,
546 3897 575 3952 et
597 3889 739 3952 omnium
762 3890 796 3950 tc
818 3889 922 3950 cedem
938 3905 1010 3950 cert-

300 3991 472 4048 tentorum.
797 4001 800 4014 ·

459 4152 647 4220 oteness
669 4151 728 4218 ΡΡ.
753 4150 810 4217 ΧΙΙ.

379 4278 415 4344 ad
439 4282 613 4362 perpetuant
637 4275 680 4340 rei
707 4273 888 4340 nemoriani.

301 4455 492 4534 Supremam
515 4451 696 4515 Catholicae
717 4450 877 4514 Ecclesiae
899 4469 1010 4530 procu·

259 4551 418 4612 rationem
431 4565 446 4609 a
457 4547 622 4608 Pastorum
636 4543 779 4622 principe
790 4544 859 4606 lesu
870 4545 1008 4620 Christo,

260 4642 428 4706 sacerdotii
450 4633 506 4702 sui
522 4639 653 4702 vicariis
676 4638 827 4715 Petrique
849 4655 1010 4704 successo-

260 4737 348 4799 ribus
371 4735 536 4806 creditam,
553 4747 622 4805 nos,
640 4732 765 4794 meritis
787 4732 861 4796 licet
883 4733 1011 4810 impari-

260 4831 341 4902 bus,
375 4827 530 4890 altissimo
560 4831 669 4888 tamen
691 4825 817 4886 divinae
839 4827 1011 4904 providen-

260 4925 321 4986 tiae
337 4922 471 4986 consilio
488 4927 650 4998 gerentes,
667 4935 793 4980 summa
809 4935 882 4982 cum
904 4921 1010 4983 cordis

260 5016 362 5080 nostri
384 5013 504 5077 laetitia
525 5015 559 5075 in
579 5012 716 5075 Domino
731 5012 939 5084 laetabamur,
957 5015 1009 5075 de·

260 5111 341 5173 bitas
353 5123 484 5188 quoque
496 5107 790 5170 misericordiarum
802 5105 886 5168 Patri
899 5113 931 5170 et
942 5105 1010 5170 Deo

261 5205 359 5267 totius
381 5200 607 5266 consolationis
631 5200 746 5278 gratias
762 5208 906 5276 ugentes,
924 5201 1010 5277 quod

261 5313 353 5359 more
388 5295 549 5358 maiorum
583 5292 733 5356 sollemni
765 5299 913 5371 steteque
945 5293 1009 5356 ritu

261 5405 394 5452 serrum
417 5389 473 5450 Dei
494 5387 702 5450 vincentium
724 5403 740 5448 a
762 5386 858 5448 Paulo
884 5387 1010 5448 eximiis

261 5482 448 5556 virtutibus
473 5483 549 5545 dum
571 5481 667 5552 vixit,
691 5479 870 5558 insignem,
898 5487 931 5542 et
952 5479 1010 5541 mi-

262 5576 393 5648 raculis,
424 5575 541 5654 quibus
570 5589 703 5638 serrum
736 5590 831 5636 suum
861 5581 1010 5636 aeternae

262 5669 420 5734 lellcitatis
452 5669 639 5748 participem
662 5667 780 5730 lactum
812 5683 882 5730 esse
905 5673 1011 5728 osten-

262 5764 351 5827 derat
371 5761 580 5842 Omnipotens
606 5763 710 5834 Deus,
744 5761 1010 5824 inclarescentem

262 5873 334 5919 curn
357 5856 551 5920 trihusaliis
574 5855 722 5920 coelestis
741 5855 862 5933 gloriae
884 5869 1011 5915 consor-

263 5949 347 6013 tibus
368 5966 433 6012 uno
455 5948 702 6027 eodemquedie
719 5945 908 6010 Sanctorum
924 5945 1011 6008 lastis

1065 2194 1151 2258 Beati
1173 2196 1335 2260 Vincentii
1361 2216 1377 2260 a
1400 2200 1491 2261 nobis
1521 2199 1659 2262 habitam
1692 2199 1814 2261 festivis

1066 2287 1228 2363 plausibus
1256 2291 1473 2369 excepissent,
1504 2299 1600 2370 atque
1630 2292 1815 2370 apostolicas

1065 2381 1172 2444 literas
1195 2389 1319 2444 nostras
1342 2384 1529 2456 decretales,
1554 2385 1693 2462 desuper
1719 2400 1814 2462 erpe-

1065 2475 1166 2546 ditas,
1191 2477 1419 2553 credundum,
1443 2485 1480 2538 ut
1501 2495 1556 2555 par
1578 2486 1662 2550 erat,
1687 2477 1816 2540 deman-

1066 2568 1181 2630 dandas
1201 2577 1378 2632 curassent.
1395 2571 1521 2634 lnterea
1537 2588 1616 2650 opus
1633 2572 1816 2636 factumest

1065 2661 1098 2722 in
1120 2661 1232 2724 diebus
1248 2663 1375 2735 nostris,
1393 2665 1477 2741 quod
1494 2680 1590 2726 nemo
1606 2667 1726 2737 credet,
1741 2683 1815 2728 cum

1065 2755 1264 2818 narrabitur:
1288 2757 1447 2833 siquidem
1472 2757 1653 2836 parisiensis
1672 2767 1813 2833 senatus

1065 2865 1141 2921 seu,
1172 2859 1209 2912 ut
1239 2851 1344 2924 aiunt,
1376 2851 1629 2928 parlamentum,
1659 2855 1815 2915 sanctiora

1065 2943 1184 3007 Christi
1204 2943 1236 3006 in
1254 2947 1348 3006 terris
1364 2945 1490 3018 vicarii,
1508 2946 1593 3007 Petri
1608 2946 1813 3018 successoris,

1066 3037 1815 3118 eiusqueCathedraeiura(pr0hlacinust)rel·

1065 3133 1112 3195 uti
1127 3133 1356 3194 assentantium
1369 3141 1549 3196 commenta
1567 3135 1734 3196 traducere
1750 3151 1814 3196 non

1066 3224 1214 3300 erubuit3
1234 3232 1266 3286 et
1280 3233 1405 3304 arrepta
1421 3227 1536 3290 exinde
1554 3228 1728 3300 occasione,
1743 3243 1814 3305 pro-

1065 3319 1161 3381 broso
1190 3328 1382 3382 memoratas
1415 3321 1600 3398 apostolicas
1631 3321 1738 3383 literas
1761 3321 1814 3384 de-

1065 3419 1165 3482 creto,
1182 3429 1251 3484 seu,
1268 3421 1304 3475 ut
1324 3413 1484 3489 inquiunt,
1502 3421 1635 3486 arresto,
1653 3415 1719 3492 ipso
1736 3431 1814 3492 rege

1065 3505 1811 3586 inscio,1r.ianuariiuocexxurrusuppressit.

1066 3600 1207 3663 Vulnera
1222 3601 1329 3676 itaque
1344 3607 1406 3662 tam
1418 3607 1518 3673 acuta,
1532 3615 1613 3677 quae
1625 3602 1815 3680 apostolicae

1065 3694 1245 3757 auctoritati
1267 3701 1300 3756 et
1315 3694 1474 3772 potestati,
1495 3709 1632 3770 quarum
1648 3713 1664 3756 a
1679 3695 1816 3759 Domino

1065 3789 1212 3851 custodes
1234 3795 1266 3850 et
1286 3796 1461 3850 assertores
1489 3789 1653 3852 constituti
1682 3807 1811 3862 sumus,

1065 3883 1140 3945 licet
1160 3883 1246 3945 inani
1268 3889 1382 3944 conatu
1404 3881 1526 3945 inierre
1556 3884 1753 3958 molientum
1781 3893 1814 3948 et

1065 3977 1208 4048 iniurias,
1233 3975 1350 4052 quibus
1384 3975 1485 4054 palam
1516 3977 1729 4055 Apostolicam
1762 3977 1816 4040 Se-

1066 4071 1139 4133 dem
1162 4070 1288 4132 afficere
1320 4086 1386 4132 non
1414 4079 1590 4142 verentur,
1625 4089 1697 4134 curn
1725 4073 1815 4134 dissi-

1065 4165 1190 4227 mulare
1217 4180 1282 4226 non
1303 4163 1484 4236 valeamus,
1508 4183 1549 4228 ne
1572 4166 1683 4228 tideles
1708 4167 1740 4229 in
1763 4183 1813 4229 er-

1065 4275 1174 4322 rorem
1206 4258 1399 4320 inducantur
1419 4257 1629 4338 (sapientibus
1661 4261 1749 4322 enim
1781 4269 1814 4324 et

1064 4351 1288 4431 insipientibus
1318 4351 1480 4414 debitores
1502 4353 1645 4432 sumus);
1673 4355 1815 4430 primum

1066 4447 1197 4524 quidem
1220 4461 1334 4508 manus
1363 4452 1488 4508 nostras
1510 4461 1583 4507 cunt
1613 4445 1762 4524 lacrymis
1784 4455 1816 4509 et

1065 4539 1209 4618 suspiriis
1231 4540 1268 4600 ad
1290 4540 1462 4602 Dominum
1487 4539 1677 4612 levavimus,
1695 4547 1742 4612 ut,
1760 4541 1815 4618 qui

1066 4633 1156 4695 dives
1179 4633 1274 4697 estin
1290 4631 1520 4702 misericordia,
1544 4631 1652 4694 redire
1674 4632 1815 4695 iaciatad

1065 4744 1120 4790 cor
1142 4728 1285 4804 ingratos
1308 4726 1401 4798 lilios,
1419 4725 1485 4802 qui,
1502 4725 1649 4802 quamvis
1668 4727 1815 4789 amantis-

1064 4822 1138 4883 simi
1161 4821 1260 4882 Patris
1276 4836 1332 4882 eos
1353 4819 1386 4882 in
1409 4819 1546 4882 caritatis
1561 4819 1739 4881 visceribus
1762 4836 1816 4896 ge·

1065 4915 1166 4977 rectis
1188 4913 1343 4976 beneficia
1364 4913 1397 4974 in
1412 4913 1659 4976 amaritudinem
1681 4929 1814 4976 conver-

1065 5017 1135 5071 tere
1157 5025 1222 5070 non
1244 5008 1463 5079 horruerunt,
1488 5008 1615 5070 tandem
1645 5007 1815 5085 aliquando

1065 5102 1225 5164 Ecclesiae
1247 5101 1359 5162 matris
1381 5100 1450 5162 iura
1472 5100 1631 5179 impetere
1650 5101 1813 5163 desistant.

1065 5197 1186 5258 Deinde
1203 5211 1281 5258 vero
1302 5195 1339 5256 ad
1361 5201 1423 5256 tam
1438 5194 1563 5257 audacis
1579 5193 1726 5257 facinoris
1749 5210 1815 5256 me·

1066 5289 1213 5360 moriam,
1227 5297 1384 5366 quantum
1400 5289 1471 5350 lieri
1483 5294 1599 5366 potest,
1613 5285 1814 5360 abolendam,

1066 5383 1174 5446 habito
1196 5383 1285 5460 prius
1315 5381 1630 5460 quamplurimorum
1661 5379 1693 5443 S.
1716 5381 1751 5444 it.
1776 5381 1812 5442 E.

1065 5475 1282 5540 Cardinalium
1306 5475 1450 5548 consilio,
1468 5475 1595 5553 praevia
1618 5483 1741 5537 matura
1763 5475 1815 5536 de-

1065 5570 1267 5641 liberatione,
1292 5585 1332 5631 ex
1354 5576 1440 5630 certa
1459 5568 1590 5630 scientia
1617 5568 1721 5645 deque
1743 5583 1815 5646 apo-

1066 5665 1196 5729 stolicae
1224 5663 1389 5741 potestatis
1412 5662 1624 5740 plenitudine,
1648 5661 1812 5724 decretum

1065 5775 1122 5821 seu
1135 5764 1307 5829 arrestum,
1317 5757 1367 5819 cui
1381 5756 1502 5819 titulus:
1518 5755 1630 5818 Arrcst
1640 5755 1677 5817 dc
1689 5755 1721 5818 lc
1734 5753 1817 5816 Cottr

1067 5854 1109 5916 du
1132 5852 1325 5922 Parlement,
1350 5852 1403 5930 qui
1424 5851 1584 5931 supprime
1606 5867 1651 5911 cn
1671 5851 1818 5931 imprime

1067 5948 1208 6010 intitules
1225 5943 1437 6009 Cononiaott'o
1451 5943 1487 6006 Β.
1502 5943 1658 6007 l'icreotc'i
1670 5962 1689 6007 u
1702 5944 1816 6014 Paulo,
