4756 6994
891 557 1035 604 annuatis
1057 559 1108 604 PP.
1133 559 1190 604 iiii.

264 670 431 736 oiosiorem
461 673 748 752 amabilioremque
775 682 807 737 et
833 675 1011 738 secundum

264 781 317 827 cor
332 771 479 828 nostrum
498 767 603 829 eidem
616 767 752 829 Domino
768 769 922 847 gentique
937 785 1012 830 suae

263 858 363 921 verho
386 865 418 920 et
439 860 589 938 exemplo
621 861 695 923 honi
718 861 824 939 operis
845 877 880 924 se
901 861 1014 924 reddat

264 951 438 1014 utiliorem.

263 1179 326 1224 terit
341 1179 407 1224 hora
422 1179 563 1234 indulgeri.
580 1179 627 1229 (tui
649 1177 840 1234 philosophiae,
856 1177 1013 1233 theologiae,

262 1246 341 1290 etiam
366 1247 461 1291 morali
478 1254 505 1290 et
522 1245 704 1298 scholasticae,
726 1251 827 1296 vacant,
843 1245 965 1290 omnihus
980 1245 1014 1288 le·

261 1311 394 1357 ctiouibus
408 1311 435 1356 in
450 1313 540 1358 schola
552 1311 688 1357 intersint:
704 1322 756 1368 qua
769 1311 794 1355 in
807 1323 835 1355 re
846 1315 933 1355 rector
945 1310 1013 1356 nihil

261 1377 341 1432 laxet,
362 1377 429 1422 niiril
451 1379 597 1432 indulgeat,
613 1378 664 1422 nisi
681 1381 787 1422 matura
801 1376 1013 1422 consideratione

261 1445 426 1501 praehabita,
446 1451 472 1490 et
487 1445 601 1489 certiore
616 1445 647 1488 de
662 1445 719 1499 ipsa
734 1455 763 1488 re
778 1443 899 1501 praeside
913 1441 1012 1487 effecto.

261 1511 460 1556 controversias
481 1511 550 1564 fidei,
565 1523 632 1568 quae
646 1521 706 1556 cum
722 1510 908 1562 schismaticis,
924 1509 1013 1554 haere·

261 1578 372 1634 ticisque
392 1579 477 1624 nostri
500 1579 627 1636 temporis
643 1578 820 1628 intercedunt,
834 1580 958 1622 accurate
973 1588 1013 1620 ex-

261 1645 395 1701 plicandas
415 1651 503 1690 rector
522 1645 636 1698 curabit,
656 1646 726 1690 sicut
745 1649 772 1688 et
790 1645 857 1690 alias
873 1643 1012 1688 facultates

260 1723 277 1756 a
292 1713 356 1757 viris
378 1712 543 1758 doctioribus
559 1713 695 1768 longisque
710 1713 812 1757 idoneis
827 1711 853 1756 in
868 1711 1012 1766 magistros

261 1779 439 1824 arcessendis:
455 1779 500 1836 qui
516 1780 538 1824 si
555 1779 645 1824 haberi
662 1791 713 1825 non
729 1779 854 1836 poterint,
865 1789 970 1834 praeses
986 1781 1013 1821 et

261 1852 348 1892 rector
359 1847 492 1892 cardinali
504 1847 646 1902 protectori
658 1846 852 1903 supplicabunt,
860 1849 890 1890 ut
900 1845 1012 1890 habean-

262 1920 315 1958 tur.
332 1917 411 1959 h'emo
429 1914 621 1970 cuiuscumque
640 1913 733 1960 classis
753 1914 792 1958 vel
813 1912 948 1959 facultatis
967 1913 1012 1963 sit,

259 1981 395 2026 exercitiis
410 1981 578 2037 repetitionis
600 1981 713 2036 aliisque
727 1981 830 2026 actibus
844 1991 861 2026 a
875 1979 1013 2035 magistris

261 2047 387 2093 iaciendis
401 2047 478 2093 desit.
494 2049 608 2104 Quisque
623 2048 689 2092 illud
701 2047 818 2092 studium
833 2051 969 2103 sequatur,
979 2046 1011 2091 ad

259 2116 330 2172 quod
346 2121 441 2168 rector,
456 2116 577 2160 consulto
593 2115 729 2170 uragistro,
740 2115 815 2159 iilum
831 2112 1011 2166 destinaverit,

261 2188 344 2239 utque
359 2183 397 2228 ita
412 2183 450 2227 rei
466 2182 599 2228 maturius
619 2183 770 2238 rectiusque
786 2181 949 2234 consulatur,
966 2180 1011 2236 qui

260 2247 463 2294 sublimioribus
487 2250 659 2294 securitatibus
683 2248 855 2302 incumbunt,
879 2247 960 2292 sernel
984 2247 1011 2292 in

260 2326 332 2361 anuo
350 2326 438 2360 coram
454 2316 575 2372 praeside
590 2315 791 2360 examinentur:
810 2318 837 2358 et
853 2313 896 2358 nbi
913 2311 1011 2368 ingenii

261 2383 462 2440 industriaeque
478 2383 541 2427 vitio
557 2383 645 2427 nrinus
665 2381 805 2440 profecisse
825 2380 924 2438 reperti
944 2379 1011 2432 sint,

261 2455 379 2506 spectato
399 2450 501 2496 maiore
519 2451 562 2494 Dei
579 2450 697 2504 servitio,
712 2449 792 2495 alteri
807 2447 927 2494 facultati
941 2447 1012 2492 addi-

259 2527 365 2571 cantur,
377 2517 402 2561 iu
413 2527 465 2573 qua
475 2517 587 2562 fortasse
597 2517 742 2574 proficient.
755 2520 810 2560 h'on
825 2515 898 2572 prius
908 2513 1012 2560 alumni

261 2583 455 2638 philosophiam
475 2584 550 2628 adire
570 2585 771 2639 permittantur,
792 2591 870 2640 qnam
891 2580 1011 2638 erqredite

261 2649 345 2694 latine
359 2649 431 2706 loqui
447 2650 597 2698 didicerint.
613 2655 639 2694 et
653 2661 747 2706 graece
761 2650 897 2706 eleganter
911 2646 1023 2704 cornpo-'

262 2723 335 2761 ruant.
359 2717 457 2762 idcirco
480 2723 619 2774 postquam
642 2717 668 2761 in
693 2721 807 2774 utraque
828 2715 921 2771 lingua
943 2715 1010 2762 eniti·

259 2783 362 2828 cienter
374 2784 472 2828 fuerint
483 2785 617 2838 instructi,
628 2785 777 2830 rhetoricae
788 2783 940 2835 studebunt,
950 2783 1010 2827 dein

261 2861 323 2895 vero
346 2851 540 2908 philosophiam
565 2852 766 2908 aggrediantur,
790 2851 898 2896 interim
921 2849 1010 2895 studio

260 2929 371 2973 graecae
391 2919 499 2974 linguae
514 2930 564 2962 non
580 2919 686 2972 omissa,
701 2925 731 2963 ιιι
746 2930 803 2962 eam
819 2917 1010 2974 perfectissime

260 2985 387 3030 calleant:
409 2997 489 3041 quam
511 2985 592 3030 etiarn
615 2985 817 3030 sublimioribus
839 2985 1011 3030 facultatibus

261 3051 443 3097 incumbentes
466 3053 573 3098 cultura
597 3058 623 3096 et
646 3053 787 3106 exercitio,
811 3051 931 3096 recitatis
955 3061 1012 3096 ora·

261 3119 399 3174 tiunculis,
417 3125 543 3164 enarrata
563 3119 589 3163 in
604 3119 714 3164 ecclesia
728 3118 868 3170 catechesi,
883 3123 909 3162 et
923 3117 949 3162 in
966 3117 1011 3162 tri·

258 3185 348 3240 ciiuio,
363 3185 471 3242 singuli,
487 3193 589 3232 terant
604 3195 699 3244 qnater
715 3187 740 3230 in
756 3198 826 3232 anno
848 3185 1010 3231 strnulciant.

260 3254 295 3296 Et
315 3253 473 3298 catechesim
495 3253 601 3309 quidem
625 3254 652 3306 ii,
674 3253 719 3310 qui
739 3266 769 3298 ex
789 3253 906 3298 alumnis
926 3252 1010 3309 magis

261 3318 349 3364 idonei
369 3320 476 3374 fuerint,
496 3319 609 3376 singulis
624 3320 716 3365 diebus
730 3319 869 3365 dominicis
883 3320 1009 3377 populum

259 3385 419 3430 edocebunt:
434 3387 655 3442 quemadmodum
672 3387 827 3432 exercitium
843 3386 955 3432 oratorii
966 3386 1010 3430 tri-

260 3451 310 3496 bus
336 3463 381 3508 per
407 3453 599 3499 hebdomadam
622 3453 729 3506 diebus,
758 3453 858 3508 vesperi
882 3454 908 3498 in
933 3454 1011 3498 eccle·

259 3517 309 3574 sia,
324 3530 383 3564 cnm
398 3519 551 3566 interventu
567 3521 680 3566 duorum
696 3524 743 3566 aut
758 3521 876 3577 plurium
892 3521 1009 3566 eiusdem

258 3585 353 3631 classis
373 3587 487 3632 arbitrio
507 3588 619 3632 rectoris
641 3593 776 3645 peragant.
793 3587 913 3634 Publicos
928 3588 1010 3644 philo

260 3653 369 3708 sophiae
389 3657 474 3708 actus,
494 3655 535 3698 vel
556 3655 705 3710 theologiae
729 3655 902 3701 scholasticae
918 3659 944 3700 et
959 3666 1012 3700 mo·

260 3719 326 3766 ratis
342 3720 439 3766 nemini
455 3723 614 3768 concedatur
628 3733 716 3778 agere,
733 3723 783 3768 nisi
798 3724 831 3778 ei,
845 3723 928 3780 quiin
939 3735 1011 3779 prae-

259 3786 316 3832 fato
330 3789 451 3834 exarrtine
465 3800 553 3848 coram
570 3791 689 3847 praeside
700 3789 812 3847 aliisque
822 3790 927 3844 collegii
938 3801 1010 3846 prae-

260 3855 354 3913 positis
378 3855 620 3912 professoribusque
634 3859 660 3900 et
676 3856 740 3910 iliis,
754 3867 819 3913 quos
836 3857 890 3914 ipse
905 3866 1011 3911 praeses

259 3923 409 3976 admiserit,
431 3923 526 3968 habilis
551 3923 702 3980 reperiatur
721 3935 796 3980 posse
816 3925 875 3969 ilios
895 3934 955 3968 cum
975 3924 1011 3968 di·

260 3990 363 4045 gnitate
379 4000 512 4046 peragere.
530 3993 579 4034 Nec
595 3989 745 4035 huiusmodi
762 3991 870 4036 honoris
886 3989 1011 4048 sitparti·

260 4068 334 4113 ceps,
360 4057 410 4102 nisi
433 4059 478 4114 qui
501 4057 599 4102 merito
619 4057 804 4102 observantiae
828 4058 1010 4113 bonorumque

261 4135 365 4169 morum
381 4131 408 4168 et
422 4124 535 4169 eximiae
548 4125 684 4170 doctrinae
697 4125 743 4169 illo
753 4125 849 4180 dignus
859 4123 1010 4169 habebitur.

263 4191 356 4246 Libris,
374 4192 442 4247 quod
462 4191 537 4236 vaide
556 4191 820 4236 animaduertendum
840 4196 889 4244 est,
911 4197 966 4236 tum
984 4191 1010 4236 in

261 4259 359 4310 schola,
376 4263 432 4303 tum
448 4259 583 4315 privatim,
603 4258 786 4304 selectissimis
801 4263 920 4304 utantur.
937 4262 1011 4304 Pera-

260 4329 304 4370 cto
314 4331 403 4371 antem
415 4325 566 4370 studiorum
579 4326 721 4378 curriculo,
732 4337 783 4370 non
795 4327 867 4370 ultra
877 4326 1009 4370 decimum

260 4391 384 4448 quintam
400 4390 469 4436 diem
485 4401 593 4436 manere
607 4391 633 4435 in
645 4391 756 4447 collegio
766 4391 970 4447 permittantur:
983 4391 1010 4435 in

260 4459 357 4515 quibus
375 4458 476 4512 diebus,
496 4465 522 4502 et
537 4469 641 4514 semper
655 4469 707 4515 quo
722 4459 902 4514 praesentium
916 4455 1012 4503 consti-

261 4527 397 4572 tutionum
412 4525 593 4572 obsevautiam
609 4529 719 4582 spectat,
734 4537 762 4570 se
772 4533 868 4581 gerant
880 4526 1008 4572 alumnos.

260 4595 391 4644 Quosdam
418 4597 507 4638 autem
531 4593 717 4649 praecellentis
744 4593 853 4638 virtutis
876 4593 1010 4650 bonaeque

261 4661 356 4706 indolis
371 4661 450 4706 liceat
465 4659 580 4717 praesidi
595 4661 622 4704 in
637 4659 749 4715 collegio
764 4660 889 4714 retinere,
904 4665 934 4704 ut
944 4659 1010 4704 inibi

261 4729 452 4784 magistrorum
467 4727 551 4774 officio
565 4731 612 4772 aut
628 4727 718 4783 aliquo
732 4728 786 4773 alio
796 4728 945 4773 ministerio
956 4729 1012 4773 fun·

260 4805 368 4851 gantur.

565 4904 664 4946 cari'r
680 4905 706 4945 V.

288 4999 323 5041 De
336 5000 444 5046 rectore,
457 5001 570 5050 alterque
584 5001 760 5046 mercaturam
775 5007 870 5041 carum
886 5001 982 5050 officia.

300 5133 398 5176 Rector
411 5130 517 5188 collegii
531 5129 586 5176 ritu
603 5131 637 5176 sit
654 5141 758 5187 graeco,
773 5130 881 5176 natione
898 5132 1009 5188 epirote,

259 5197 358 5254 quique
381 5197 506 5243 alumnus
521 5198 562 5244 vel
576 5198 681 5255 collegii
697 5201 722 5242 8.
738 5198 874 5244 Athanasii
889 5197 921 5242 de
936 5197 1010 5254 urbe,

261 5263 302 5308 vei
324 5263 405 5309 huius
428 5264 563 5310 extiterit:
586 5266 655 5322 quod
678 5265 749 5310 idem
771 5265 807 5310 sit
828 5265 860 5310 de
882 5265 1010 5322 magistro

260 5341 370 5387 graecae
389 5330 508 5387 linguae.
524 5331 595 5377 ritas
609 5337 636 5378 et
650 5332 771 5378 musices.
788 5336 897 5388 semper
912 5335 1010 5386 tamen,

260 5397 363 5442 alumni
372 5397 477 5454 collegii
493 5399 574 5443 huius
583 5398 699 5455 potiores
709 5399 866 5444 habeantur.
877 5401 1009 5444 utentem

261 5473 338 5509 nemo
356 5475 384 5510 se
405 5464 476 5510 cirea
495 5465 592 5510 harum
619 5465 823 5510 costitutionnm
843 5464 1011 5510 inobservan-

261 5531 325 5577 tiam
341 5532 458 5579 alumnis
473 5532 500 5577 in
516 5535 628 5589 utraque
639 5543 729 5576 mensa
739 5531 906 5588 ignorantiae
916 5541 1010 5577 caussa

262 5603 379 5653 tueatur,
398 5603 475 5644 curet
489 5603 585 5652 rector,
601 5602 631 5643 ut
645 5599 850 5644 constitutiones
866 5597 946 5655 ipsae.
962 5598 1012 5643 sal·

262 5671 314 5712 tem
330 5665 412 5712 semel
432 5667 458 5711 in
479 5677 576 5720 mense,
591 5664 782 5723 prandentibus
801 5666 934 5722 legantur,
955 5665 1009 5710 vice

259 5738 402 5779 consuetae
417 5733 547 5787 lectionis,
563 5738 593 5778 ut
608 5733 714 5782 iliarum
730 5731 870 5776 refricetur
881 5731 1009 5777 memoria

261 5811 406 5856 sensusque
426 5799 600 5856 percipiatur:
625 5803 764 5856 praeterea
784 5799 953 5844 conscientiis
972 5810 1010 5843 re·

259 5867 350 5920 cteris,
364 5866 505 5912 director-is
518 5865 677 5924 spiritualis,
690 5876 721 5911 ac
736 5866 927 5923 magistrorum
942 5877 1009 5912 onas

260 5931 419 5989 iniungitur,
434 5935 465 5977 ut
480 5943 527 5988 pro
541 5937 633 5978 exacta
647 5937 728 5989 atque
744 5933 896 5978 omnimoda
914 5943 1008 5978 earum

1111 678 1129 752 5
1152 676 1179 737 i.
1204 675 1285 738 Cum
1307 675 1415 754 itaque
1437 694 1494 739 nos
1511 693 1615 756 nuper
1630 678 1681 757 pie
1697 685 1821 740 exacte

1070 784 1133 847 que
1166 768 1346 832 educationi
1378 771 1554 834 inventutis
1584 771 1762 850 praedictae
1787 771 1820 834 in

1070 863 1164 925 terris
1178 863 1272 940 regni
1288 862 1411 928 Siciliae
1427 865 1503 928 citra
1519 865 1666 943 pharum,
1685 872 1717 927 et
1732 881 1820 943 prae·

1068 957 1180 1018 sertim
1203 959 1236 1018 in
1258 957 1419 1020 Calabriae
1441 958 1615 1037 provincia,
1638 958 1816 1030 existentis,

1068 1177 1237 1224 observantia
1251 1179 1380 1226 excubent
1397 1179 1567 1235 vigilemque,
1582 1183 1609 1224 et
1624 1179 1668 1224 ubi
1685 1181 1709 1224 in
1721 1179 1818 1236 aliquo,

1068 1257 1145 1300 quem
1160 1245 1274 1291 caritate
1288 1245 1514 1302 praemonuerint,
1525 1247 1616 1303 aliqua
1626 1245 1818 1292 emendationis

1068 1323 1126 1367 spes
1147 1323 1197 1358 non
1217 1313 1366 1366 affluxerit,
1387 1317 1506 1368 spectato
1527 1313 1627 1359 maiore
1646 1313 1690 1357 Dei
1710 1313 1819 1357 servitio

1068 1381 1094 1424 et
1108 1379 1176 1424 bono
1191 1380 1295 1436 collegii
1314 1381 1452 1436 regimine,
1471 1381 1574 1436 perlata
1591 1379 1705 1436 praesidi
1722 1380 1818 1426 notitia

1068 1445 1148 1490 liuius
1171 1446 1224 1500 rei,
1249 1447 1340 1502 iilum,
1360 1447 1432 1492 velut
1452 1447 1685 1500 inernendabilem,
1707 1447 1819 1502 collegio

1068 1513 1123 1568 ipso
1142 1513 1234 1558 statim
1255 1515 1377 1569 exigant:
1399 1520 1574 1570 exactumque
1598 1513 1748 1572 persolvere
1771 1513 1819 1558 ali·

1067 1583 1157 1625 menta
1176 1584 1280 1636 cogant.
1301 1584 1379 1625 curet
1399 1582 1479 1627 etiam
1501 1585 1595 1634 rector,
1615 1586 1644 1626 ut
1666 1581 1693 1625 in
1711 1591 1817 1637 praepa·

1067 1645 1158 1691 randis
1177 1647 1274 1692 auinris
1293 1647 1418 1692 iuvenum
1439 1649 1472 1694 ad
1492 1649 1684 1700 iuramentum,
1702 1659 1736 1692 ex
1755 1648 1817 1692 data

1066 1713 1182 1758 formula
1192 1716 1391 1769 praestandum,
1401 1726 1461 1760 cum
1472 1715 1607 1772 spirituali
1618 1715 1750 1759 directore
1760 1725 1818 1759 con·

1067 1781 1164 1832 veniat,
1180 1781 1292 1837 illosque
1306 1782 1339 1826 ad
1354 1782 1389 1836 id,
1403 1787 1519 1838 quatuor
1534 1789 1596 1827 ante
1611 1782 1711 1834 diebus,
1726 1781 1752 1826 in
1769 1780 1818 1838 spi·

1067 1847 1211 1893 ritualibus
1226 1848 1360 1894 exercitiis
1371 1850 1537 1907 peragendis,
1548 1851 1700 1899 transactis,
1711 1860 1818 1906 praepa·

1067 1917 1138 1958 rent:
1157 1915 1393 1972 rirediiandumqne
1411 1915 1508 1960 eisdem
1526 1921 1673 1972 proponant
1691 1921 1817 1961 staturam

1067 1986 1093 2024 et
1107 1981 1208 2036 pondus
1225 1982 1413 2036 iurisiurandi,
1431 1983 1515 2029 officia
1533 1988 1619 2028 status
1637 1981 1817 2036 ecclesiastici,

1066 2050 1092 2091 et
1107 2048 1170 2103 qnid
1184 2048 1218 2093 ab
1232 2049 1271 2094 eis
1285 2049 1425 2106 collegium
1440 2049 1568 2106 requirat.
1580 2048 1729 2102 invigilent,
1740 2049 1818 2104 potis·

1066 2114 1163 2159 simum
1180 2119 1275 2170 rector,
1290 2116 1390 2173 aliique
1405 2116 1522 2161 ministri
1537 2127 1585 2172 pro
1600 2115 1675 2160 bonis
1691 2115 1816 2160 iuvenum

1067 2181 1199 2237 moribus,
1216 2195 1312 2239 eosque
1329 2195 1432 2240 semper
1449 2185 1481 2228 ad
1498 2187 1619 2229 sanctum
1635 2182 1757 2228 timorem
1773 2185 1817 2226 ito·

1067 2247 1132 2292 mini
1143 2261 1203 2294 voce
1214 2253 1241 2293 et
1251 2251 1370 2307 exenrpio
1381 2250 1508 2294 excitent:
1519 2255 1546 2295 et
1557 2256 1696 2306 propterea
1706 2251 1816 2294 caveant

1065 2315 1217 2372 diligenter,
1229 2328 1260 2361 ne
1269 2328 1359 2362 coram
1370 2317 1434 2374 ipsis
1446 2327 1580 2362 sermones
1590 2315 1703 2360 alterius
1711 2315 1816 2372 generis

1065 2392 1145 2438 qnam
1161 2384 1217 2440 pios
1231 2387 1259 2428 et
1273 2384 1429 2438 litterarios,
1445 2384 1485 2428 vel
1499 2383 1533 2428 ad
1548 2393 1683 2428 summum
1694 2381 1725 2427 de
1738 2383 1816 2427 rebus

1065 2451 1098 2495 ad
1121 2449 1263 2507 collegium
1284 2450 1493 2506 pertinentibus,
1518 2449 1667 2494 instituant.
1693 2448 1817 2504 invigilet

1067 2519 1155 2561 rector
1169 2529 1201 2561 ne
1215 2517 1317 2561 alumni
1332 2517 1475 2574 aliquando
1489 2516 1618 2570 ocientur,
1634 2527 1697 2560 neve
1707 2515 1740 2560 ab
1752 2514 1815 2570 ipsis

1066 2594 1112 2628 sen
1132 2583 1267 2628 litteraria
1286 2583 1342 2628 sive
1361 2583 1536 2634 laudabilium
1556 2582 1777 2628 consuetudinum
1793 2594 1816 2626 e·

1066 2649 1204 2696 xercttatio
1225 2651 1389 2707 negligatur:
1412 2661 1478 2706 quae
1494 2651 1546 2695 iam
1563 2650 1621 2694 inde
1637 2650 1670 2694 ab
1690 2649 1815 2694 instituto

1065 2717 1176 2772 collegio
1197 2716 1300 2762 invecta
1321 2721 1370 2762 est.
1386 2716 1587 2762 administratio
1601 2715 1706 2770 collegii
1725 2717 1760 2760 sit
1776 2728 1815 2772 pc·

1066 2795 1111 2828 nes
1133 2784 1191 2828 eins
1212 2795 1382 2829 oeconomum
1405 2785 1438 2829 ah
1461 2785 1585 2840 lepiscopo
1605 2782 1725 2840 praeside
1738 2783 1816 2838 depu-

1066 2851 1184 2904 tandum,
1198 2851 1230 2896 de
1244 2851 1320 2896 cuins
1335 2851 1485 2896 omnimodo
1499 2861 1627 2894 consensu
1639 2850 1685 2894 ille
1700 2859 1815 2894 necessa·

1065 2917 1119 2962 rios
1138 2917 1216 2962 faciet
1236 2920 1354 2970 sumtus,
1376 2917 1452 2973 eique
1472 2917 1582 2962 subinde
1606 2917 1637 2960 de
1655 2917 1769 2971 acceptis
1789 2923 1816 2960 et

1065 2985 1185 3041 expensis
1201 2983 1291 3029 reddet
1307 2985 1447 3038 rationem,
1463 2995 1509 3028 nec
1523 2984 1555 3028 de
1569 2983 1633 3029 solis
1644 2983 1759 3038 collegii,
1770 2983 1813 3028 sed
1843 3033 1847 3039 ,

1065 3051 1145 3096 etiam
1161 3051 1333 3096 aeecclesiae
1353 3051 1507 3096 redditibus.
1525 3051 1699 3106 Liberumque
1714 3050 1750 3095 sit
1765 3050 1815 3106 ipsi

1065 3117 1188 3174 praesidi,
1202 3119 1247 3164 ubi
1263 3124 1369 3174 ecquos
1385 3117 1507 3172 voluerit,
1518 3119 1678 3163 rationarios
1694 3117 1813 3162 ridendis

1065 3185 1123 3230 eius
1139 3185 1288 3230 rationibus
1303 3187 1373 3230 dare.
1390 3189 1486 3230 Rectcr
1496 3195 1556 3229 cum
1570 3185 1701 3229 ministris
1712 3196 1815 3242 pro-re·

1064 3256 1146 3306 ctare,
1168 3253 1299 3298 directore
1323 3251 1455 3309 spirituali
1480 3251 1667 3309 magistrisque
1683 3252 1768 3306 pieac
1783 3251 1816 3296 ci·

1065 3318 1155 3363 viliter
1169 3323 1240 3376 agai,
1255 3319 1378 3376 qnoniam
1400 3319 1539 3377 prudentia
1554 3320 1697 3364 eorundem
1717 3323 1743 3362 et
1757 3329 1815 3362 con-

1064 3385 1153 3430 cordia
1164 3386 1261 3431 bonum
1278 3386 1397 3442 regimen
1412 3385 1517 3440 collegii
1527 3385 1662 3430 consistet.
1674 3388 1702 3429 ln
1713 3385 1814 3440 agendo

1064 3453 1174 3509 ciboque
1195 3453 1334 3498 dividendo
1353 3453 1473 3510 privatus
1493 3454 1578 3507 favor,
1598 3453 1684 3508 quoad
1704 3451 1813 3508 poterit,

1065 3519 1189 3565 evitetur.
1205 3523 1321 3576 cumque
1337 3523 1423 3564 rector
1437 3521 1536 3576 aliique
1561 3519 1677 3564 ministri
1693 3519 1814 3564 secundis

1066 3588 1163 3633 mensis
1178 3588 1307 3644 prandere
1323 3590 1434 3642 soleant,
1450 3587 1495 3634 nbi
1506 3587 1570 3644 ipsis
1581 3587 1677 3632 missus
1687 3599 1814 3644 supernu-

1065 3657 1198 3700 merarius
1218 3655 1363 3709 adrcnerit,
1383 3656 1452 3700 hunc
1471 3665 1530 3699 curn
1546 3655 1664 3699 alumnis
1678 3665 1814 3709 cornpran·

1065 3723 1171 3767 roribus
1193 3721 1320 3775 dividant,
1342 3733 1373 3767 ne
1394 3723 1440 3778 qui
1461 3723 1536 3774 forte,
1558 3721 1714 3766 stimulante
1737 3721 1813 3774 lame,

1065 3795 1273 3834 remur-murem.
1284 3792 1380 3834 Rector
1392 3794 1419 3834 et
1428 3788 1544 3832 ministri
1555 3788 1651 3833 bonnm
1663 3789 1813 3846 exernplnrn

1065 3855 1225 3911 praebituri,
1249 3854 1400 3908 silentium,
1424 3854 1510 3910 quoad
1532 3857 1670 3910 poterunt,
1687 3865 1739 3898 uua
1753 3865 1813 3898 cnm

1065 3923 1181 3969 alumnis
1196 3926 1303 3968 orantes
1318 3921 1436 3978 aliosque
1451 3920 1588 3977 religionis
1603 3925 1678 3966 acius
1690 3921 1814 3968 iacientes

1065 3993 1213 4036 observent.
1222 3989 1342 4035 Rectoris
1353 3989 1388 4034 sit
1399 3999 1542 4045 suggerere
1553 3988 1679 4045 Episcopo
1689 3988 1813 4045 praesidi,

1065 4061 1095 4102 nt
1114 4057 1261 4113 scripturas
1279 4057 1311 4100 de
1329 4055 1408 4100 rebus
1427 4055 1542 4112 collegii,
1562 4056 1638 4111 signo
1658 4055 1755 4111 publici
1776 4059 1815 4100 ta·

1065 4125 1188 4170 bellionis
1202 4124 1330 4180 signatas,
1345 4128 1375 4168 tn
1387 4127 1515 4176 plateam,
1530 4133 1609 4178 qnam
1625 4122 1710 4174 aiunt,
1721 4121 1776 4168 sire
1788 4122 1814 4166 in

1065 4192 1164 4237 librum
1180 4191 1421 4236 instrumentorum
1434 4189 1585 4234 referendas
1595 4195 1677 4233 curet.
1690 4189 1813 4233 Eiusdem

1065 4259 1167 4316 pariter
1182 4258 1294 4304 rectoris
1305 4256 1341 4302 sit
1351 4256 1378 4301 in
1388 4255 1518 4312 peculiari
1527 4257 1640 4312 quodam
1651 4255 1729 4310 libro,
1740 4255 1815 4300 iuxta

1065 4331 1185 4383 coeptam
1210 4325 1365 4369 methodum
1385 4327 1492 4376 ιιοιιιι,
1515 4323 1613 4368 habere
1634 4322 1814 4378 praenomina,

1066 4392 1182 4446 nomina,
1193 4391 1318 4450 patriam,
1329 4394 1462 4447 parentes,
1473 4389 1590 4443 habitus,
1599 4393 1710 4440 aetates,
1720 4400 1814 4439 incias,

1066 4460 1231 4514 habilitates,
1253 4460 1309 4504 dies
1329 4463 1355 4504 et
1379 4469 1462 4504 annos
1482 4458 1618 4513 ingressus
1642 4461 1669 4502 et
1691 4467 1815 4512 egressus

1065 4527 1236 4572 alunmornm
1253 4539 1266 4571 e
1280 4525 1401 4581 collegio.
1418 4529 1449 4570 ιιι
1463 4525 1602 4582 potissime
1615 4524 1774 4580 iniungitur,
1785 4529 1816 4569 ut

1067 4595 1198 4640 tablinum
1214 4595 1239 4638 in
1255 4593 1381 4639 distincto
1390 4593 1481 4649 aliquo
1491 4593 1555 4646 loco,
1566 4591 1733 4638 asservandis
1743 4603 1816 4648 prae·

1066 4663 1127 4706 fatis
1137 4662 1250 4718 aliisque
1261 4661 1402 4718 scripturis
1412 4661 1445 4705 ad
1455 4660 1597 4715 collegium
1612 4660 1814 4716 pertinentibus,

1066 4733 1096 4774 ut
1104 4739 1197 4774 norma
1204 4728 1327 4785 superius
1338 4728 1447 4773 laudata
1456 4726 1623 4783 praescribit,
1633 4730 1814 4771 construatur.

1066 4799 1146 4839 ‹Juret
1165 4795 1290 4852 deniqne,
1311 4798 1340 4838 ut
1360 4793 1386 4838 in
1407 4793 1519 4848 collegio
1538 4803 1650 4848 graecus
1665 4795 1748 4846 ritus,
1763 4803 1815 4838 non

1065 4873 1117 4918 quo
1132 4862 1164 4907 ad
1179 4862 1236 4908 sola
1250 4861 1359 4914 ieiunia,
1374 4860 1419 4904 sed
1434 4871 1486 4916 quo
1501 4859 1534 4904 ad
1549 4860 1638 4904 omnia
1653 4867 1782 4904 servetur.

1093 5074 1127 5108 EX
1143 5074 1293 5110 rusticante
1312 5075 1442 5118 contudit,
1462 5075 1513 5109 PRO
1532 5073 1657 5109 nassonia
1672 5073 1787 5110 anninus

1165 5141 1234 5181 Qt'eit
1249 5141 1338 5176 eivttie
1352 5141 1509 5176 narrantum
1526 5142 1551 5176 ΕΙ
1566 5141 1715 5176 concussis.

1113 5267 1239 5318 Priatlept
1253 5269 1369 5310 concessi
1383 5269 1428 5310 dal
1442 5277 1472 5309 re
1486 5268 1605 5311 cattoitco
1620 5269 1647 5310 al
1661 5270 1767 5320 callente

1371 5336 1415 5376 trel
1437 5337 1508 5376 itae.

1107 5468 1187 5511 lintre
1202 5466 1243 5511 ιιι
1257 5466 1348 5512 (ιιιιιι
1362 5466 1475 5521 gracias,
1489 5477 1540 5524 quc
1557 5467 1591 5512 ha
1605 5465 1775 5524 supplicando
1789 5466 1814 5511 el

1068 5543 1113 5587 rey
1124 5535 1175 5577 Dan
1187 5531 1259 5577 ltelix
1270 5533 1360 5578 Samni
1370 5531 1472 5578 Rodotai
1481 5533 1623 5590 arnobispo
1636 5545 1652 5590 y
1666 5533 1814 5590 presidente

1065 5598 1107 5643 <lei
1126 5599 1238 5654 collegio
1256 5599 1288 5644 de
1307 5599 1345 5644 los
1365 5603 1449 5644 statos
1470 5599 1639 5654 albanenses,
1654 5611 1705 5656 qne
1719 5599 1816 5646 nueba·

1067 5671 1154 5710 mente
1164 5677 1191 5710 se
1203 5665 1236 5710 ha
1246 5665 1355 5711 fundato
1366 5678 1413 5722 por
1422 5669 1457 5712 Su
1469 5665 1595 5712 sautidad
1605 5677 1636 5711 en
1648 5668 1673 5712 la
1680 5666 1815 5724 provincia

1065 5733 1096 5777 de
1111 5736 1232 5787 cosenza,
1247 5743 1312 5788 para
1326 5733 1352 5778 la
1368 5733 1454 5778 baana
1468 5733 1608 5778 educacion
1618 5733 1650 5778 de
1660 5733 1815 5790 losjovenes

1064 5799 1257 5845 ecclesiasticos
1273 5809 1289 5856 y
1304 5811 1368 5857 para
1383 5801 1408 5845 ia
1424 5809 1480 5844 inas
1495 5806 1588 5845 exacta
1602 5799 1773 5845 observancia
1783 5800 1814 5845 de

1065 5866 1091 5910 la
1110 5865 1249 5922 disciplina
1267 5865 1453 5919 ecclesiastica,
1471 5877 1525 5912 una
1545 5867 1576 5911 de
1595 5866 1686 5912 dichas
1710 5866 1815 5924 gracias

1066 5933 1099 5978 ha
1115 5931 1172 5978 sido
1185 5933 1212 5978 ia
1226 5933 1390 5990 ersempaion
1405 5933 1436 5978 de
1452 5933 1491 5978 las
1505 5933 1629 5979 collectas
1645 5933 1816 5992 simposicio-

1745 545 1801 608 tati
1858 544 1913 602 An.
1927 544 1955 600 C.
1971 541 2037 599 litt
