4814 6992
1800 597 1839 660 35
1897 596 1948 653 An.
1962 595 1990 652 C.
2005 593 2074 657 {dito

651 737 702 800 Vl.
1077 743 1080 840 t
1149 736 1262 798 Datum
1278 735 1407 806 Romae,
1422 733 1503 812 apud
1521 732 1552 796 S.
1571 733 1714 804 Petrum,
1731 730 1791 794 suh
1806 747 1861 792 ane

1077 852 1080 891 ι
1109 830 1186 893 ιιιιΙο
1201 830 1378 901 Piscatores,
1396 828 1448 891 die
1460 843 1527 888 xix.
1546 825 1697 889 iehruarii
1714 841 1856 895 noceri,

303 925 528 990 discindendum
549 926 631 988 clero
653 931 683 986 et
702 925 817 1006 populo
839 923 1052 1004 Anpomolcn-
1078 900 1080 971 ἶ
1109 923 1311 1002 pontificatus
1334 922 1436 984 nostri
1458 937 1541 983 anno
1564 937 1585 982 ι.

343 1021 382 1088 si,
402 1019 565 1082 occasione
579 1019 740 1082 missionis
763 1015 884 1097 ioscpiii
900 1035 920 1080 o
935 1017 966 1078 S.
985 1017 1051 1080 llo-
1078 974 1081 1058 i

909 619 1102 666 ALEXANDEE
1126 619 1175 664 ΡΡ.
1200 617 1256 664 vlt.

345 1115 407 1183 rio,
430 1113 615 1176 carmelitae
637 1111 834 1180 discalceati,
862 1110 903 1173 od
921 1111 1052 1190 provin-

344 1210 428 1273 ciom
451 1207 725 1286 Angornolensem.

326 1394 449 1460 itiieeiis
478 1391 550 1458 titiis
579 1392 664 1458 ciero
693 1397 724 1456 et
753 1389 861 1474 populu
890 1389 1030 1466 civitatis,

346 1488 497 1554 dioecesis
518 1491 550 1550 et
573 1485 745 1568 prouinciae
769 1483 1011 1566 dugamaiensis,

477 1667 710 1736 diethildis
734 1669 794 1736 ΡΡ.
820 1668 876 1736 iiii.

442 1911 445 1914 .
580 1856 687 1924 itiiecti
710 1856 775 1935 iiiii,

355 1953 482 2019 satutem
504 1957 536 2016 et
557 1956 657 2032 apost.
682 1950 924 2016 benedictionem
947 1949 1003 2032 (i).

344 2143 377 2204 in
400 2142 589 2218 gravissimo
604 2140 727 2213 dolore,
751 2155 816 2217 quo
831 2139 974 2202 animum
997 2154 1053 2200 no-

303 2244 406 2298 strum
429 2236 533 2298 adiecit
554 2233 653 2314 relata
676 2234 768 2296 nohis
797 2233 948 2296 discessio
970 2231 1053 2294 Tho-

305 2345 385 2400 mae,
401 2327 614 2391 archidiaconi
634 2327 794 2390 Ecclesiae
810 2323 1053 2402 hngamaleusis

302 2437 360 2483 seu
382 2421 510 2494 terrae,
533 2438 567 2482 ac
589 2419 730 2496 ingentis
761 2420 898 2482 aliorum
925 2417 1052 2480 numeri

303 2533 319 2574 a
337 2529 409 2575 ren.
426 2513 533 2574 iratris
549 2513 787 2591 Archiepiscopi
810 2510 1052 2588 hugamaleusis

304 2607 502 2678 obedientia,
528 2607 648 2683 grande
673 2606 822 2668 solatium
853 2605 1050 2682 accepimus,

303 2701 521 2777 intelligentes
544 2715 601 2761 vos
624 2700 769 2763 eiusdem
793 2699 933 2762 Thomas
955 2704 1052 2760 teme·

303 2795 430 2858 ritatem
462 2801 494 2856 et
525 2801 726 2855 caeterorum
757 2793 920 2855 levitatem
949 2807 1053 2870 asper-

303 2897 393 2951 natos
416 2887 576 2966 praedicto
605 2886 864 2964 hrchiepiscopo,
897 2887 977 2964 patri
1000 2902 1053 2948 ve-

302 2991 390 3053 stro,
424 2981 561 3042 tirmiter
592 2981 772 3044 adhaesisse
805 2987 838 3042 et
865 2981 1051 3042 adhaerere.

302 3077 368 3149 Qua
389 3075 421 3136 in
443 3090 479 3136 re
502 3075 577 3146 etsi,
602 3075 687 3151 quod
711 3089 805 3138 veros
828 3073 1053 3136 christifideles

304 3176 337 3230 et
348 3169 547 3230 obedientiae
559 3167 641 3232 iiiios
657 3169 799 3242 decebat,
812 3169 957 3248 egeritis,
967 3184 1054 3228 sum-

305 3279 388 3324 mam
417 3271 523 3324 tamen
553 3262 680 3324 laudern
714 3270 860 3326 meretur
888 3268 995 3324 vestra
1020 3261 1053 3326 in

306 3363 368 3416 mm
391 3355 562 3432 perniciosi
594 3355 734 3432 exempli
765 3355 891 3417 obiectu
920 3355 999 3418 tides
1022 3361 1054 3416 et

304 3450 490 3522 constantia,
508 3449 751 3528 plurimumque
773 3449 900 3511 divinae
916 3447 1052 3512 bonitati

304 3543 445 3616 debetis,
483 3559 563 3621 quae
595 3543 685 3606 vobis
721 3558 790 3605 eam
824 3550 968 3604 mentem
1000 3543 1053 3606 de-

305 3638 361 3710 dit,
378 3645 410 3700 et
431 3652 487 3715 per
508 3636 734 3698 abundantiam
758 3637 878 3712 gratiae
899 3651 975 3698 suae
998 3651 1053 3698 vos

305 3733 520 3810 apropinqua
548 3729 737 3806 contagione
766 3729 907 3790 servavit
931 3727 1053 3790 incolu-

307 3841 384 3886 mes.
412 3825 522 3896 Porro,
543 3839 615 3885 cum
640 3839 696 3900 pro
718 3822 942 3900 componendo
964 3823 1054 3884 ‹lissi-

306 3918 357 3979 dio
380 3916 562 3978 huiusmodi
584 3915 737 3978 dilectum
759 3915 862 3978 lilium
882 3915 1052 3993 losephum

305 4009 374 4073 aS.
399 4010 505 4081 diaria,
534 4007 660 4072 Ordinis
688 4009 825 4071 iratrum
854 4009 1053 4072 discalceato-

306 4121 377 4167 rum
408 4105 553 4166 eiusdem
577 4102 608 4165 S.
634 4103 747 4166 biariae
776 4105 815 4165 de
844 4111 953 4166 monte
981 4104 1053 4166 ilar-

307 4199 401 4270 nreio‚
424 4202 530 4259 virum
555 4198 723 4276 praeclaris
755 4199 930 4260 virtutihus
963 4214 1053 4261 orna-

307 4301 386 4364 tum,
405 4293 441 4354 ad
463 4293 537 4354 istas
560 4299 665 4370 partes
687 4292 817 4354 mittere
832 4293 1051 4366 statuerimus,

306 4396 487 4466 conceptam
512 4403 550 4448 er
573 4387 693 4449 virtute
715 4393 821 4448 vestra
844 4387 994 4448 laetitiam
1018 4403 1054 4448 ea

307 4483 468 4544 occasione
492 4482 605 4542 harum
631 4480 715 4542 serie
739 4481 847 4541 testari
876 4480 1051 4552 voluimus,

305 4595 339 4638 ac
360 4593 417 4655 pro
440 4575 589 4654 pastoraii
615 4581 722 4636 nostra
750 4573 966 4636 sollicitudine
995 4588 1053 4635 vas

307 4678 436 4749 paterne
457 4669 490 4731 in
522 4669 658 4730 Domino
681 4667 813 4741 hortari,
838 4669 925 4750 utin
949 4669 1053 4730 iauda-

307 4765 361 4826 bili
375 4771 482 4826 vestra
498 4763 660 4836 firmitate,
674 4781 707 4824 ac
719 4764 751 4824 in
764 4763 909 4825 eiusdem
923 4763 1053 4824 Archis-

307 4859 434 4936 piscopi,
459 4857 592 4936 pastoris
615 4858 726 4928 vestri,
752 4857 947 4928 ohedientia,
972 4872 1053 4933 quae

307 4955 370 5017 lieo
393 4955 512 5032 gratior
534 4963 583 5016 est
604 4955 692 5016 omni
715 4955 853 5026 victima,
879 4961 913 5016 ut
940 4953 1050 5024 iacitis,

305 5052 447 5110 animose
470 5050 696 5127 perseveretis,
711 5050 907 5126 eosdemque
923 5048 1053 5110 Archis-

308 5145 470 5222 piscopum
494 5150 525 5204 et
547 5143 717 5220 losephum
748 5145 911 5220 ohsequiis
933 5149 965 5204 et
987 5142 1052 5204 oili-

305 5241 360 5302 ciis
384 5240 500 5302 restris
531 5238 563 5300 in
591 5239 754 5300 sarcienda
781 5237 939 5298 Ecclesiae
966 5252 1053 5314 prae·

306 5333 387 5394 dicta
407 5333 556 5404 scissura,
574 5339 606 5394 et
628 5331 825 5410 procuranda
846 5329 983 5391 iratrum
1000 5344 1053 5390 ve·

305 5433 459 5497 strorum,
484 5444 499 5486 a
522 5427 571 5486 via
594 5425 733 5486 iustitiae
749 5423 979 5494 aberrantium,
1004 5438 1053 5484 re-

306 5521 456 5582 ductione
485 5519 673 5580 coadiuvare
704 5517 874 5588 studeatis,
908 5517 982 5578 inde
1003 5531 1053 5578 ae-

306 5621 434 5675 ternum
458 5629 474 5673 a
496 5613 561 5674 lieo
594 5611 790 5690 praemium,
813 5629 829 5670 a
855 5611 945 5672 nohis
975 5625 1054 5672 vere

305 5713 339 5768 et
355 5707 410 5769 hac
422 5705 532 5768 Sancta
546 5705 628 5768 Sede
644 5705 821 5783 Apostolica
836 5704 971 5767 uberent
985 5720 1054 5782 gra-

305 5800 382 5862 tiam
403 5799 619 5862 consecuturi.

347 6021 378 6072 (ii
394 6019 556 6074 t'oqueiines,
573 6017 618 6060 loc.
634 6015 688 6063 cit..
705 6025 760 6070 pag.
777 6017 809 6058 ab.
827 6039 850 6046 -
867 6015 897 6068 (ii
915 6015 976 6058 itud.
995 6025 1050 6070 pag.
1066 6017 1099 6057 tiit.

1451 1297 1517 1361 vlt.

1110 1486 1334 1549 Hortatoriom
1358 1485 1597 1566 archiepiscopo
1617 1485 1858 1566 Anpcmoiensi

1149 1581 1313 1642 occasione
1333 1580 1496 1642 missionis
1518 1577 1638 1659 loseplei
1654 1596 1674 1642 o
1689 1577 1719 1640 S.
1739 1577 1858 1650 llario,

1148 1673 1333 1736 carmelitae
1362 1672 1558 1742 discalceati,
1591 1672 1633 1735 od
1659 1673 1858 1752 provinciana

1150 1767 1426 1846 rinpomoicnsem.

1140 1952 1212 2020 tien
1235 1952 1324 2018 tratri
1348 1951 1586 2034 drehiepisoopo
1610 1951 1833 2034 bohanniensi,
1861 1921 1865 1928 ⁵

1283 2136 1519 2206 destinabili
1544 2137 1605 2204 ΡΡ.
1629 2137 1688 2204 ilii.

1325 2325 1513 2394 Venerabilis
1536 2327 1645 2404 trater,

1160 2423 1291 2490 satutem
1314 2427 1346 2488 et
1367 2427 1467 2504 apost.
1491 2421 1733 2488 benedictionem
1754 2420 1810 2504 (2).

1150 2613 1297 2676 Relatum
1319 2619 1367 2674 est
1383 2611 1474 2674 uobis
1490 2611 1644 2674 dilectum
1659 2611 1763 2674 illium
1779 2611 1861 2674 Tho-

1111 2722 1207 2779 mam,
1230 2705 1488 2768 archidiaconum
1508 2705 1600 2768 istius
1617 2704 1776 2767 Ecclesiae
1799 2705 1861 2767 hn-

1111 2800 1313 2880 gamaieusis,
1338 2798 1480 2861 nescitur
1502 2814 1566 2876 quo
1581 2799 1696 2876 spiritu
1716 2799 1859 2871 ductum,

1111 2911 1172 2956 una
1201 2909 1274 2957 curn
1303 2892 1428 2970 ingenti
1451 2892 1701 2954 christianorum
1724 2908 1861 2956 numero

1110 2991 1147 3054 ab
1161 2988 1341 3052 obedientia
1359 2993 1410 3048 tua
1426 2985 1608 3056 recessisse,
1626 2991 1668 3056 et,
1686 2987 1770 3062 quod
1788 3001 1861 3048 exe-

1110 3081 1260 3146 crabilius
1283 3087 1341 3152 est,
1365 3079 1556 3156 dignitatem
1572 3077 1786 3156 episcopalem
1802 3079 1862 3141 sihi

1112 3184 1236 3240 temere
1269 3189 1446 3250 arrogasse.
1477 3171 1616 3234 Perculit
1648 3171 1698 3234 hic
1730 3173 1862 3236 nuntius

1112 3271 1325 3331 vehementer
1351 3267 1495 3328 animum
1528 3271 1688 3338 nostrum,
1718 3273 1751 3328 et
1772 3267 1862 3343 gravi

1112 3364 1259 3426 molestia
1274 3361 1387 3424 allecit.
1411 3359 1579 3433 Quomodo
1595 3359 1681 3422 enim
1698 3375 1763 3422 non
1784 3361 1862 3424 acri-

1110 3465 1161 3522 ter
1189 3461 1392 3519 commoveat
1423 3459 1554 3530 paterna
1582 3453 1705 3516 viscera
1730 3459 1777 3516 iot
1797 3453 1862 3516 ani-

1111 3567 1236 3614 marum
1259 3549 1353 3610 unius
1376 3546 1515 3609 hominis
1538 3546 1712 3608 ambitione
1745 3547 1862 3610 misere

1110 3647 1316 3709 seductarum
1338 3641 1469 3712 iactura,
1486 3647 1519 3702 et
1532 3641 1677 3702 florentis
1694 3639 1787 3702 isthic
1805 3657 1862 3718 per

1110 3739 1166 3800 liei
1199 3738 1332 3815 gratiam
1366 3733 1606 3796 christianitatis
1639 3733 1862 3808 perturbatio?

1109 3831 1264 3906 Quoniam
1288 3845 1367 3892 vero
1399 3827 1559 3890 eiusmodi
1592 3825 1760 3888 schismata
1783 3833 1862 3890 tem·

1111 3926 1196 4004 poris
1219 3923 1400 3988 accessione
1422 3921 1508 3982 vires
1530 3921 1696 3998 acquirere
1727 3936 1861 3984 consue-

1111 4026 1239 4091 verunt,
1270 4033 1311 4078 ne
1340 4021 1373 4077 ei
1394 4015 1465 4076 istic
1494 4030 1582 4076 mora
1604 4013 1787 4088 invalescat,
1811 4033 1860 4077 ce-

1111 4113 1170 4176 leri
1193 4111 1339 4173 remedio
1362 4125 1419 4187 pro
1442 4125 1488 4180 ea,
1506 4123 1602 4185 quam
1628 4107 1789 4170 universis
1812 4125 1860 4171 ec·

1111 4207 1215 4270 clesiis
1251 4205 1428 4274 dehemus,
1462 4201 1678 4264 sollicitudine
1711 4201 1863 4264 duximus

1111 4299 1358 4377 providendum.
1383 4295 1598 4370 Quamobrem
1622 4295 1780 4356 mittimus
1803 4295 1863 4358 isto

1111 4409 1183 4456 cum
1217 4392 1334 4454 nostris
1357 4405 1392 4451 ea
1420 4404 1518 4467 super
1540 4405 1576 4448 re
1598 4389 1753 4450 mandatis
1786 4389 1863 4452 diie-

1110 4495 1196 4550 ctum
1228 4486 1330 4548 lilium
1364 4483 1537 4560 losephum
1565 4499 1580 4543 a
1610 4480 1722 4544 Sancta
1754 4481 1860 4556 Maria,

1110 4579 1237 4642 Ordinis
1260 4579 1394 4641 iratrum
1426 4575 1689 4637 discalceatorum
1717 4576 1860 4640 eiusdem

1112 4675 1143 4738 S.
1169 4674 1283 4736 itariae
1304 4673 1343 4734 de
1359 4678 1469 4734 monte
1485 4668 1644 4741 Cermalo,
1669 4669 1777 4732 virum
1793 4687 1863 4750 spe·

1110 4777 1210 4832 etatae
1232 4768 1306 4829 iidei
1328 4774 1359 4828 et
1388 4763 1593 4842 integritatis,
1628 4764 1863 4842 praeclarisque

1111 4864 1207 4926 animi
1231 4861 1357 4924 dotibus
1380 4867 1411 4922 et
1432 4860 1592 4920 virtutum
1627 4857 1751 4920 meritis
1773 4857 1864 4921 deco-

1111 4975 1196 5032 rum,
1221 4971 1317 5034 quiem
1334 4955 1524 5017 confidimus
1540 4971 1556 5014 a
1574 4959 1615 5025 te,
1633 4969 1691 5031 pro
1715 4961 1765 5016 tua
1788 4969 1863 5030 erga

1111 5070 1168 5116 nos
1192 5059 1224 5116 et
1246 5052 1325 5112 itanc
1348 5049 1493 5111 Sanctam
1510 5047 1627 5110 Sedem
1649 5047 1861 5119 observantia,

1110 5146 1270 5210 benevole
1302 5149 1528 5220 excepturum3
1553 5141 1585 5204 in
1608 5147 1772 5202 caeterum
1805 5141 1864 5202 ira-

1111 5241 1295 5302 ternitatem
1319 5245 1406 5298 tuam
1427 5235 1460 5296 in
1481 5235 1617 5296 Domino
1634 5249 1815 5306 monemus,
1833 5243 1865 5296 et

1109 5334 1194 5395 serio
1210 5333 1390 5400 hortamur,
1414 5335 1450 5390 ut
1465 5343 1592 5390 memor
1609 5327 1864 5389 mansuetudinis

1110 5426 1208 5498 iliius,
1233 5425 1288 5502 qui
1310 5425 1448 5485 animam
1471 5439 1562 5483 suam
1591 5421 1695 5500 posuit
1717 5437 1775 5498 pre
1798 5422 1864 5484 ovi-

1111 5521 1170 5582 bus
1193 5521 1270 5592 suis‚
1294 5535 1358 5589 eas,
1372 5532 1450 5594 quas
1466 5535 1481 5577 a
1499 5517 1563 5578 lieo
1580 5531 1674 5578 curae
1691 5523 1763 5578 tuae
1778 5533 1863 5578 com-

1111 5615 1221 5676 missas
1250 5613 1448 5674 zizaniorum
1480 5617 1566 5672 sator
1595 5609 1738 5672 diabolus
1767 5611 1863 5672 ahdu-

1111 5709 1167 5780 xit,
1186 5707 1275 5770 omui
1288 5705 1394 5768 studio
1411 5705 1448 5766 ad
1463 5704 1549 5766 ovile
1565 5703 1684 5765 Christi
1707 5704 1863 5765 reducere

1111 5803 1248 5874 corlenis,
1272 5808 1305 5864 et
1331 5799 1366 5862 aii
1390 5799 1517 5877 propria
1549 5813 1660 5876 pascua
1690 5797 1863 5860 redeuntes

1223 5941 1352 5949 ——0-
