4814 6998
826 557 1016 604 rbxursrus
1037 555 1094 602 SEU
1117 557 1329 604 codcoubxrx

303 677 480 739 iuventutis
502 676 723 738 educationem
746 684 910 750 exercent,
931 675 1052 752 advigi-

304 769 415 832 labunl
436 771 549 843 etiam,
574 777 610 831 ut
630 770 665 830 in
687 771 799 846 quavis
820 770 877 832 alia
901 770 1052 833 tradenda

304 863 468 942 disciplina
491 862 569 924 nibil
592 864 683 934 adsit,
708 863 793 940 quod
814 863 988 926 catholicae
1004 879 1052 924 re⁴

304 957 416 1033 ligioni
439 971 634 1032 morumque
661 955 819 1020 honestati
848 957 1050 1019 adversetur.

343 1049 413 1125 53.
438 1048 614 1112 Seminaria
644 1050 676 1110 in
707 1050 908 1112 dioecesibus
938 1050 1052 1128 Reipu-

305 1142 405 1204 blicae
427 1143 466 1204 de
481 1139 663 1204 Venazuela
678 1144 848 1205 existentia
870 1149 1051 1206 eruntcon-

305 1237 481 1312 servanda3
504 1243 599 1314 atque
617 1237 797 1299 dioecesani
819 1236 998 1308 llntistites,
1016 1238 1052 1298 ad

306 1345 453 1391 normam
477 1329 508 1392 S.
532 1328 663 1392 Concilii
690 1329 880 1402 Tridentini,
903 1329 998 1392 liberi
1021 1347 1052 1392 o-

307 1423 419 1486 mnino
441 1430 537 1484 erunt
558 1423 591 1486 in
606 1423 853 1485 seminariorum
878 1424 1051 1494 erectione,

306 1517 518 1588 ordinatione,
535 1517 679 1579 doctrina
700 1523 794 1594 atque
809 1517 1054 1579 administratio-

306 1628 358 1672 ne.
389 1609 541 1672 Rectores
566 1625 696 1687 quoque
722 1616 756 1673 et
787 1609 986 1688 professores
1007 1627 1054 1672 se-

307 1704 518 1768 minariorum
546 1704 584 1766 ab
616 1705 769 1783 Episcopo
802 1705 1055 1766 nominabuntur

307 1807 402 1876 atque
424 1798 693 1870 removebuntur,
717 1799 985 1876 quotiescumque
1001 1814 1055 1860 ne·

307 1892 480 1955 cessarium
502 1892 628 1969 abipso
650 1892 852 1955 iudicabitur.

347 1987 417 2062 54.
441 1985 588 2065 Episcopi
619 1986 691 2050 iure
717 2002 776 2048 suo
807 1985 958 2048 fruentur
983 2001 1053 2046 exa-

309 2080 451 2143 minandi
480 2089 512 2142 et
537 2095 706 2142 censuram
735 2080 858 2142 lerendi
880 2081 913 2142 in
944 2095 1055 2142 omnes

309 2174 408 2236 libros
430 2182 462 2237 et
483 2175 610 2252 scripta,
635 2188 715 2251 quae
737 2174 773 2236 ad
796 2173 871 2236 fidei
893 2174 1052 2250 dogmata,

308 2267 468 2330 Ecclesiae
484 2267 694 2346 disciplinam,
710 2275 743 2330 et
757 2269 793 2330 ad
811 2268 969 2346 publicam
990 2284 1056 2329 mo-

311 2377 384 2424 rum
408 2363 609 2424 honestatem
625 2362 740 2438 quovis
756 2362 852 2424 modo
875 2362 1054 2440 pertinent;

309 2461 342 2518 et
363 2471 554 2533 supremum
580 2454 780 2518 Gubernium
813 2457 852 2517 de
875 2454 1057 2517 Veneauela

310 2565 441 2612 omnem
462 2549 658 2611 auctoritatis
672 2565 748 2610 suae
770 2565 864 2627 opem
880 2557 912 2611 et
927 2563 1066 2627 operam¹

311 2643 482 2722 praestabit
503 2643 540 2706 ad
564 2643 696 2706 tuendas
718 2643 954 2721 dispositiones,
980 2658 1058 2720 quas

309 2737 370 2815 ipsi
398 2737 544 2815 Episcopi
576 2737 663 2800 iuxta
693 2737 857 2800 canonicas
879 2737 1058 2799 sanctiones

310 2831 491 2908 suscepturi
507 2838 604 2893 erunt
625 2830 661 2892 ad
684 2831 877 2908 religionem
893 2831 1057 2901 tuendam,

310 2931 407 3002 atque
429 2924 465 2986 ad
486 2923 694 2987 devitandum
710 2925 864 3002 quidquid
888 2925 992 2986 eidem
1010 2938 1059 2986 re·

311 3017 424 3096 ligioni
446 3017 607 3080 adversari
624 3018 734 3096 possit.

352 3111 420 3187 ἐῢ.
444 3111 525 3175 (lum
552 3103 713 3173 Romanus
739 3110 885 3173 Ponlilex
915 3111 986 3172 iure
1015 3109 1060 3172 di·

311 3207 387 3268 riuo
409 3212 503 3284 caput
524 3212 557 3267 et
577 3211 726 3266 centrum
748 3213 790 3266 sil
810 3203 968 3267 Ecclesiae
992 3204 1061 3266 uni-

312 3300 457 3372 versalis,
482 3305 551 3360 tum
573 3297 720 3376 Episcopi
743 3304 812 3360 tum
834 3298 940 3360 clerus
960 3305 993 3360 et
1007 3315 1060 3377 po-

313 3393 407 3472 pulus
436 3393 537 3456 libere
559 3406 632 3452 cum
656 3390 837 3468 Apostolica
870 3389 953 3454 Sede
976 3409 1061 3454 com·

312 3485 532 3548 municabunt.

354 3583 373 3656 5
393 3577 423 3641 6.
437 3578 636 3641 Gubernium
650 3576 884 3640 devenezuela
897 3595 1060 3656 persuum

314 3673 618 3753 plenipotentiarum
647 3669 829 3751 (ministro)
859 3672 950 3750 petiit
971 3681 1004 3735 et
1025 3673 1062 3735 ab

312 3766 491 3848 llpostolica
506 3765 599 3836 Sede,
618 3765 658 3827 ob
673 3765 926 3828 extraordinaria
942 3773 1063 3845 tempo-

313 3878 386 3924 rum
409 3867 441 3923 et
462 3860 606 3922 locorum
629 3858 785 3930 adiuncta,
814 3859 951 3922 obtinuit
973 3867 1009 3922 ut
1029 3862 1062 3923 in

313 3957 512 4020 decimarum
527 3953 633 4016 locum
650 3953 902 4016 substitueretur
917 3954 1062 4016 ecclesia-

312 4051 389 4113 stica
412 4050 479 4111 dos.
512 4047 664 4122 Quocirca
694 4047 894 4110 Gubernium
921 4049 1005 4111 idem
1028 4067 1062 4112 sc

313 4143 434 4220 obligat
455 4143 491 4205 ad
507 4141 694 4204 solvendam
718 4157 758 4203 ex
780 4141 908 4219 publico
927 4143 1060 4216 aerario,

312 4239 359 4299 uti
386 4237 530 4300 debitum
559 4241 679 4306 status,
704 4235 850 4300 eamdem
882 4236 991 4299 dotem
1014 4253 1062 4301 ec·

313 4332 538 4402 clesiasticam,
565 4329 652 4390 iuxta
684 4336 791 4390 notam
825 4329 899 4392 huic
924 4345 1063 4392 conuerr-

315 4425 391 4488 tioni
414 4425 579 4494 adiectam,
597 4438 655 4502 pro
673 4438 816 4500 congrua
829 4425 1062 4487 sustentatione

314 4517 551 4595 llrchiepiscopi
573 4524 606 4580 et
627 4516 781 4594 cuiusque
803 4516 961 4594 Episcopi,
982 4517 1063 4595 capi-

315 4612 374 4675 tuli
392 4609 608 4682 ecclesiastici,
625 4609 765 4688 parochi,
781 4610 945 4672 seminarii
965 4619 999 4673 et
1013 4629 1062 4672 ae-

314 4705 409 4768 dilicii
433 4703 641 4783 templorum,
658 4710 691 4764 et
705 4718 763 4780 pro
786 4704 945 4765 consuetis
962 4709 994 4765 et
1009 4719 1063 4766 ne·

313 4798 459 4861 cessariis
481 4797 581 4860 divini
596 4796 702 4859 cultus
724 4798 895 4875 expensls;
918 4806 1014 4874 atque
1031 4797 1061 4858 id

315 4908 373 4972 pro
395 4891 539 4969 legitima
561 4891 820 4968 compensatione
844 4891 988 4952 redditus
1009 4891 1062 4953 de-

314 4986 469 5049 cimarum
500 4983 637 5046 sublati:
667 4983 796 5060 parochi
829 4993 967 5060 pergent
999 4983 1063 5046 lrui

313 5080 384 5141 iure
407 5077 603 5157 percipiendi
631 5077 786 5155 primitias
808 5083 841 5138 et
862 5075 1063 5139 emolumen-

314 5180 356 5245 ta,
379 5188 460 5250 quae
481 5173 582 5248 vulgo
603 5170 805 5248 appellantur
819 5187 835 5230 a
850 5169 929 5232 stola
952 5187 991 5232 ex
1010 5187 1063 5232 cu·

313 5267 429 5344 iusque
451 5265 607 5327 dioecesis
627 5279 729 5337 more,
746 5281 780 5326 ac
794 5264 881 5326 iuxta
904 5271 1008 5326 laxam
1023 5281 1063 5326 ex

316 5358 519 5439 praescriptis
541 5359 740 5436 synodorum
762 5359 795 5418 in
818 5361 997 5435 praesentia
1018 5359 1063 5420 ri-

315 5459 458 5531 gentem,
477 5451 529 5513 vel
552 5466 633 5528 quae
656 5451 688 5513 in
711 5459 878 5529 posterum
900 5469 916 5512 a
938 5468 1064 5531 cumpe-

314 5547 395 5610 tenti
417 5545 627 5610 ecclesiastica
649 5545 836 5608 auctoritate
863 5545 959 5608 statui
990 5562 1063 5608 con-

314 5640 436 5719 tigerit.

354 5737 372 5810 5
392 5734 421 5796 7.
438 5731 674 5809 Obligationum
692 5749 794 5804 causa,
812 5732 928 5810 quibus
943 5733 1064 5796 Guber-

315 5827 405 5890 nium
440 5844 474 5889 se
507 5826 698 5902 obstringit,
733 5825 886 5888 Summus
918 5825 1065 5890 Pontilex

315 5922 465 5984 concedit
496 5921 635 5983 Praesidi
660 5919 862 5999 Reipublicae
894 5921 933 5983 de
963 5921 1065 5984 Vcne-

426 6073 484 6113 lar.
501 6073 577 6112 Perat.
594 6073 626 6112 de
641 6068 933 6120 praemitterentur.
949 6068 1002 6112 vol.
1018 6072 1069 6112 vll.

1780 537 1839 604 329

1109 675 1199 738 zuela
1221 676 1270 737 ius
1295 681 1478 754 patronatus
1501 681 1533 736 et
1555 674 1762 753 privilegium
1786 691 1857 752 pro-

1110 767 1249 843 ponendi
1272 767 1456 846 Episcopus,
1481 767 1568 829 iuxta
1590 767 1759 839 rationem,
1778 783 1858 844 quae

1109 860 1141 922 in
1165 862 1325 938 praesenti
1347 862 1562 924 conventione
1578 861 1796 924 constituitur.

1149 957 1167 1030 5
1188 954 1218 1016 tl.
1242 954 1488 1032 consequenter
1503 954 1707 1032 Reipublicae
1729 954 1858 1016 Praeses

1110 1047 1270 1112 Sanctitati
1303 1047 1385 1112 Suae
1414 1059 1573 1127 proponet
1601 1049 1637 1110 ad
1671 1049 1781 1111 sedem
1811 1063 1860 1112 ar-

1109 1142 1385 1221 chiepiscopalem,
1410 1151 1442 1205 et
1463 1143 1499 1204 ad
1522 1157 1742 1220 quascumque
1767 1144 1859 1206 sedes

1110 1236 1307 1314 episcopales
1342 1243 1499 1308 vacantes,
1527 1236 1642 1312 dignos
1673 1242 1705 1298 et
1729 1237 1861 1299 idoneos

1110 1329 1338 1393 ecclesiasticos
1358 1331 1446 1392 viros
1467 1331 1505 1392 iis
1529 1329 1679 1392 omnibus
1701 1331 1860 1408 praeditos

1110 1424 1249 1494 dotibus,
1283 1439 1360 1500 quas
1392 1425 1472 1486 sacri
1504 1440 1642 1486 canones
1675 1424 1859 1501 requirunt.

1110 1517 1237 1580 Talibus
1262 1525 1369 1579 autem
1392 1518 1470 1580 viris
1493 1517 1647 1580 Sanctitas
1672 1515 1745 1590 Sua,
1774 1517 1862 1580 iuxta

1111 1612 1239 1689 regulas
1272 1613 1309 1674 ab
1342 1612 1481 1674 Ecclesia
1514 1615 1723 1690 praescriptas
1745 1619 1778 1673 et
1798 1611 1862 1673 lor-

1111 1721 1177 1766 mas
1200 1711 1388 1777 consuetas,
1413 1706 1595 1768 canonicam
1625 1704 1712 1768 dabit
1735 1705 1862 1769 institu-

1113 1799 1245 1862 tionem.
1271 1799 1450 1876 Antequam
1473 1813 1552 1860 uero
1575 1799 1672 1862 iidem
1688 1798 1749 1860 viri
1771 1815 1862 1860 cano·

1112 1893 1200 1954 nicae
1220 1893 1316 1954 huius
1337 1892 1550 1956 institutionis
1571 1891 1693 1954 litteras
1714 1891 1862 1971 aposloli-

1111 2003 1162 2047 cas
1178 1986 1388 2059 obtinuerint,
1407 1986 1496 2048 nullo
1514 1987 1610 2049 modo
1624 2003 1659 2050 se
1680 1987 1864 2048 immiscere

1113 2088 1267 2160 poterunt
1282 2081 1434 2158 regimini
1450 2079 1792 2143 seumdministrationi
1814 2095 1863 2142 ec-

1112 2175 1295 2248 clesiarum,
1312 2175 1349 2236 ad
1366 2189 1444 2252 quas
1468 2173 1624 2251 designati
1643 2173 1775 2246 luerint,
1792 2188 1864 2251 pro·

1113 2277 1148 2332 ut
1170 2286 1186 2330 a
1207 2270 1303 2330 sacris
1334 2269 1506 2331 canonibus
1532 2267 1689 2330 sancitum
1712 2275 1771 2330 est.
1794 2265 1865 2329 Rei·

1114 2361 1258 2440 publicae
1273 2369 1380 2423 autem
1396 2361 1526 2424 Praeses
1543 2360 1782 2438 quamprimum
1798 2359 1864 2421 ido-

1114 2471 1192 2517 neos
1215 2455 1312 2517 hosce
1333 2455 1420 2515 viros
1444 2460 1612 2532 proponet.

1154 2549 1223 2625 59.
1255 2547 1327 2610 Vim
1360 2548 1480 2609 habent
1511 2547 1754 2625 dispositiones,
1782 2561 1863 2622 quae

1116 2645 1269 2708 hactenus
1290 2643 1470 2718 riguerunt
1489 2641 1522 2702 in
1544 2639 1715 2718 Republica
1741 2640 1780 2702 de
1806 2639 1865 2703 Ve-

1116 2737 1251 2800 neauela
1273 2736 1376 2812 quoad
1399 2735 1514 2796 caduca
1534 2749 1591 2795 seu
1613 2733 1713 2810 spolia
1734 2733 1866 2795 Archia-

1116 2833 1322 2910 piscoporum
1356 2837 1388 2890 et
1409 2828 1663 2906 Episcoporum;
1695 2827 1866 2889 etidcirco

1116 2927 1226 2989 eadem
1251 2924 1287 2985 ad
1315 2923 1458 3001 proprias
1490 2919 1689 2982 cathedrales
1717 2918 1866 2982 ecclesias

1117 3019 1336 3099 pertinebunt.

1156 3117 1174 3191 5
1204 3111 1251 3174 lll.
1288 3112 1416 3173 Praeses
1449 3108 1651 3188 Reipublicae
1683 3109 1721 3170 ad
1754 3123 1866 3170 omnes

1116 3205 1347 3270 cathedralium
1364 3203 1570 3266 ecclesiarum
1586 3202 1759 3279 dignitates
1773 3208 1805 3264 et
1819 3219 1866 3263 ca·

1117 3302 1294 3371 nonicatus,
1319 3297 1460 3377 exceptis
1482 3298 1532 3368 iis,
1550 3297 1605 3372 qui
1627 3287 1668 3358 de
1690 3295 1792 3357 officio
1814 3312 1866 3374 ap·

1118 3394 1297 3474 pellantur,
1322 3390 1509 3454 nominabit.
1543 3389 1589 3451 lld
1616 3389 1755 3465 reliquas
1778 3403 1866 3467 prae-

1117 3489 1236 3550 bendas
1258 3487 1343 3548 idem
1366 3485 1497 3545 Praeses
1528 3482 1757 3545 ecclesiasticos
1778 3481 1867 3544 viros

1118 3578 1314 3645 dioecesanis
1336 3576 1539 3640 antistitibus
1562 3575 1787 3654 praesentabit,
1811 3575 1866 3652 qui

1118 3675 1300 3738 canonicam
1322 3671 1410 3750 ipsis,
1434 3669 1610 3733 dummodo
1635 3669 1725 3747 digni
1745 3669 1867 3748 reperti

1119 3769 1250 3839 luerint,
1274 3765 1395 3828 dabunt
1415 3763 1663 3826 institutionem.
1688 3763 1792 3825 Prima
1814 3779 1866 3824 au-

1118 3878 1185 3927 tem
1207 3861 1344 3937 dignitas
1366 3859 1399 3920 in
1422 3856 1669 3936 metropolitano
1685 3857 1806 3937 templo
1828 3858 1867 3920 de

1118 3953 1302 4020 Veneauela
1324 3955 1394 4013 sive
1416 3949 1521 4013 Sancti
1544 3949 1657 4022 lacobi,
1678 3951 1711 4012 in
1733 3949 1867 4027 reliquis

1118 4065 1197 4114 uero
1219 4045 1423 4126 Reipublicae
1443 4043 1688 4116 cathedralibus,
1704 4043 1774 4104 sive
1796 4049 1867 4104 actu

1119 4141 1342 4213 existentibus,
1358 4141 1426 4201 sive
1448 4138 1481 4200 in
1503 4145 1668 4217 posterum
1691 4135 1865 4214 erigendis,

1117 4236 1330 4305 canonicatus,
1354 4232 1454 4309 vulgo
1475 4231 1512 4294 de
1534 4229 1669 4300 Maced,
1688 4230 1743 4308 qui
1766 4229 1867 4307 prima

1119 4329 1297 4393 Sanctilalis
1317 4325 1398 4390 Suae
1420 4325 1589 4388 collatione
1608 4325 1814 4402 praeligetur,
1832 4321 1867 4383 li·

1119 4425 1214 4486 berae
1235 4422 1368 4485 Romani
1391 4420 1550 4484 Pontificis
1574 4417 1773 4498 dispositioni
1796 4431 1868 4495 per-

1120 4525 1216 4596 petuo
1239 4522 1460 4579 reservantur.

1157 4614 1176 4688 5
1199 4612 1247 4673 ll.
1270 4608 1521 4672 canonicatuum
1544 4607 1584 4669 de
1606 4606 1708 4668 officio
1727 4604 1868 4684 provisio

1118 4705 1249 4784 praevio
1271 4717 1428 4766 concursu
1451 4701 1517 4772 det,
1541 4701 1628 4764 iuxta
1650 4715 1756 4761 sacros
1776 4715 1868 4761 cano-

1120 4815 1188 4870 nes,
1211 4804 1244 4860 et
1264 4797 1438 4873 Episcopus
1453 4802 1519 4856 tres
1541 4810 1581 4856 ex
1597 4793 1776 4872 approbatis
1798 4793 1868 4854 Rei·

1119 4891 1263 4972 publicae
1285 4889 1422 4953 Praesidi
1451 4888 1683 4967 praesentabit,
1707 4893 1743 4950 ut
1765 4901 1867 4948 unum

1119 5002 1159 5049 ex
1180 4985 1294 5049 iisdem
1317 4984 1442 5061 seligat.

1158 5083 1177 5157 5
1201 5081 1248 5142 la.
1265 5080 1324 5142 Ubi
1341 5078 1482 5156 primum
1497 5083 1595 5138 status
1610 5075 1797 5138 reddituum
1813 5089 1869 5152 pu-

1120 5175 1192 5238 blici
1213 5174 1327 5236 aerarii
1349 5171 1549 5250 permiserit,
1573 5169 1731 5231 extinctae
1753 5174 1870 5230 metro-

1119 5268 1251 5347 politani
1272 5265 1384 5343 templi
1406 5263 1577 5341 dignitates
1598 5263 1821 5324 restituentur.

1113 5356 1116 5364 “
1159 5363 1178 5437 5
1202 5361 1248 5423 13.
1273 5359 1354 5422 Cum
1376 5359 1437 5420 iam
1461 5357 1494 5418 in
1509 5355 1645 5420 dioecesi
1668 5353 1707 5416 de
1724 5353 1870 5431 Guayana

1119 5453 1294 5533 capitulum
1316 5449 1498 5514 cathedrale
1521 5455 1665 5511 erectum
1688 5447 1739 5519 sil,
1760 5443 1872 5508 Sancta

1121 5548 1204 5610 Sede
1235 5544 1452 5624 approbante,
1476 5541 1707 5612 seminarium,
1731 5539 1768 5602 ad
1798 5555 1872 5600 nor-

1121 5657 1205 5703 mam
1238 5637 1370 5702 Consilii
1394 5635 1591 5707 Tridentini,
1615 5633 1760 5696 eiusdem
1786 5633 1872 5694 dioe-

1121 5735 1199 5798 cesis
1221 5733 1462 5811 quamprimum
1485 5730 1641 5807 erigatur.

1160 5829 1180 5904 5
1202 5825 1249 5888 ll.
1274 5825 1357 5889 Sede
1378 5829 1520 5894 vacante,
1534 5821 1799 5900 metropolitanae
1820 5817 1873 5880 rel

1121 5921 1342 5997 sullraganeac
1353 5915 1505 5979 ecclesiae
1516 5914 1688 5993 capitulum
1701 5912 1782 5975 inlra
1794 5918 1874 5974 tern-

1740 6062 1767 6103 Η
