4814 6992
106 2832 110 2852 ¹
122 2818 250 2860 tarrsulae.

902 625 1094 670 atexnnben
1117 625 1167 670 PP.
1192 625 1247 670 Vll.

297 755 420 822 clarata,
446 750 590 812 mandata
613 755 645 810 et
666 747 820 816 ordinata,
836 762 870 807 ac
885 751 1045 807 emanatas

298 851 435 926 desuper
456 845 565 908 literas
581 851 726 922 patentes
742 842 954 920 praeinsertas
972 857 1045 904 cum

299 943 447 1006 omnibus
462 948 494 1004 et
505 939 642 1015 singulis
658 935 901 1013 quomodolibet
915 943 1046 998 conten-

299 1041 337 1102 tis
358 1039 389 1099 in
412 1037 487 1108 illis,
511 1033 680 1113 apostoliea
706 1033 905 1103 auctoritate,
934 1039 1045 1094 tenore

301 1131 514 1209 praesentium
530 1129 758 1190 confirmamus
774 1133 806 1188 et
820 1125 1043 1204 approbamus,

299 1224 426 1300 illisque
447 1220 641 1282 inviolabilis
666 1219 857 1298 apostolicae
887 1219 1046 1280 firmitatis

300 1318 397 1378 robur
428 1315 611 1383 adiicirnus,
642 1331 676 1375 ac
704 1329 816 1376 omnes
843 1319 875 1375 et
900 1312 1045 1390 singulos

301 1411 376 1471 iuris
405 1417 437 1471 et
458 1408 528 1470 iacti
558 1407 713 1478 deiectus,
738 1407 840 1484 siqui
869 1407 1046 1484 quomodo·

300 1503 376 1566 libet
396 1501 635 1564 intervenerint
656 1501 688 1560 in
711 1499 785 1572 illis,
809 1501 1009 1578 supplemus.

337 1601 356 1673 ἓ
370 1597 399 1658 3.
412 1595 629 1657 Decernentes
641 1594 767 1654 easdem
781 1601 965 1671 praesentes
976 1594 1045 1656 lite-

301 1708 348 1753 ras
362 1704 490 1768 semper
505 1688 625 1758 firmas,
639 1687 758 1748 validas
777 1693 809 1748 et
827 1687 968 1748 efficaces
981 1688 1045 1748 exi-

299 1793 383 1848 stere
406 1791 439 1845 et
459 1783 540 1854 lore,
557 1797 591 1842 ac
612 1779 687 1852 illis,
711 1781 747 1842 ad
771 1795 850 1856 quos
872 1787 993 1858 spectat
1015 1788 1047 1842 et

301 1895 356 1957 pro
377 1886 524 1954 ternpore
546 1873 699 1954 spectabit
720 1875 910 1952 respective,
929 1875 1046 1953 plenis-

299 1975 378 2036 sime
399 1969 584 2046 sniiragari,
609 1975 642 2031 et
662 1969 699 2030 ab
722 1967 784 2030 illis
817 1969 1047 2031 inviolabiliter

299 2075 330 2130 et
350 2068 538 2128 inconcusse
562 2070 719 2141 perpetuo
735 2062 914 2137 observari;
937 2061 1046 2140 sicque

299 2165 330 2223 in
353 2158 533 2238 praemissis
549 2172 607 2234 per
622 2169 845 2232 quoscumque
860 2157 980 2218 iudices
996 2172 1045 2218 or-

299 2253 436 2316 dinarios
458 2259 491 2314 et
508 2249 684 2326 delegatos,
701 2249 795 2310 etiam
813 2265 978 2310 causarum
996 2265 1045 2326 pa-

300 2348 363 2410 latii
391 2345 555 2424 apostolici
585 2342 758 2412 auditores,
783 2343 913 2406 iudicari
940 2352 972 2404 et
993 2344 1043 2404 de-

300 2441 383 2504 liniri
406 2439 536 2508 debere,
561 2451 595 2498 ac
616 2436 743 2496 irritum
768 2442 799 2497 et
821 2435 926 2507 inane,
950 2437 975 2497 si
998 2453 1045 2498 se-

299 2551 354 2596 cus
375 2549 473 2610 super
501 2531 550 2591 bis
572 2547 588 2590 a
610 2543 770 2606 quoquam
801 2530 912 2605 quavis
941 2537 1046 2592 aueto-

299 2630 391 2690 ritate
419 2625 557 2688 scienter
580 2623 631 2684 vel
658 2623 846 2699 ignoranter
875 2625 1047 2702 contigerit

298 2722 457 2786 attentari.
995 2719 1000 2727 “

338 2819 357 2892 5
378 2818 407 2877 t.
424 2815 493 2877 Non
511 2812 710 2875 obstantibus
727 2813 908 2888 praemissis
925 2830 958 2875 ac
973 2829 1046 2875 con·

298 2908 518 2973 stitutionibus
537 2913 569 2968 et
584 2905 837 2968 ordinationibus
852 2907 1044 2984 apostolicis,

299 3022 343 3076 ac,
358 3009 515 3080 quatenus
528 3015 607 3078 opus
618 2998 671 3069 sit,
683 2997 809 3061 Ordinis
822 3007 853 3062 et
865 3000 1046 3078 provinciae

299 3096 405 3159 Sancti
425 3093 527 3156 lacobi
549 3093 588 3154 de
611 3092 744 3164 ldexico,
762 3109 886 3156 necnon
909 3110 1047 3156 conven-

301 3197 401 3260 tuum,
425 3187 616 3248 vicariarum
639 3193 671 3247 et
696 3185 907 3263 collegiorum
939 3187 1047 3249 buius·

300 3283 396 3352 modi,
406 3282 540 3356 aliisque
553 3279 730 3357 quibusvis,
745 3281 838 3342 etiarn
853 3281 1045 3354 iuramento,

300 3375 541 3437 confirmatione
556 3363 738 3450 apostolica,
756 3373 808 3434 vel
824 3375 934 3450 quavis
949 3375 1048 3436 tirmi-

301 3477 362 3531 tate
373 3469 431 3531 alia
444 3469 613 3540 roboratis,
627 3467 751 3528 statutis
767 3474 800 3528 et
811 3468 1048 3530 consuetudini-

300 3563 369 3634 bus,
394 3561 572 3640 privilegiis
592 3575 732 3638 quoque,
750 3559 882 3622 indultis
899 3567 930 3622 et
946 3561 1048 3622 literis

299 3655 478 3734 apostolicis
496 3654 608 3719 iisdem
624 3653 745 3724 ordini,
764 3655 957 3730 provinciae,
975 3671 1048 3716 con-

299 3751 460 3820 ventibus,
484 3749 609 3810 vicariis
632 3755 663 3810 et
677 3747 833 3824 collegiis,
850 3747 1048 3825 illorumque

300 3843 520 3922 superioribus
536 3850 568 3904 et
583 3842 726 3920 personis
742 3841 1000 3919 quibuscumque
1015 3842 1047 3904 in

300 3937 495 4001 contrarium
521 3936 773 4015 praemissorum
807 3936 1049 4012 quomodolibet

300 4032 467 4102 concessis,
498 4029 694 4092 confirmatis
724 4035 756 4090 et
776 4029 946 4092 innovatis.
976 4029 1048 4104 Oui-

301 4125 357 4188 bus
379 4123 528 4188 omnibus
547 4131 579 4185 et
599 4123 747 4200 singulis,
764 4122 895 4184 illorum
920 4129 1048 4186 tenores

301 4218 520 4297 praesentibus
542 4231 599 4296 pro
622 4213 717 4294 plene
739 4223 771 4277 et
785 4217 980 4278 sufficienter
995 4233 1048 4278 eu·

302 4313 424 4390 pressis,
450 4327 484 4372 ac
509 4311 547 4373 de
572 4310 673 4372 verbo
694 4311 730 4372 ad
758 4311 895 4371 verbum
920 4310 1048 4372 insertis

303 4406 469 4472 babentes.
493 4404 556 4466 illis
583 4404 656 4465 alias
688 4403 721 4464 in
751 4420 810 4465 suo
840 4404 956 4466 robore
978 4419 1048 4481 per-

302 4497 471 4568 mansuris,
488 4499 523 4558 ad
542 4496 792 4575 praemissorum
819 4497 969 4558 ellectum
994 4498 1048 4559 bae

302 4590 370 4652 vice
393 4591 558 4652 dumtaxat
579 4589 758 4667 specialiter
781 4597 813 4651 et
831 4605 981 4666 expresse
997 4591 1048 4651 de-

303 4700 473 4761 rogamus3
507 4683 687 4760 ceterisque
720 4683 887 4746 contrariis
919 4684 1049 4760 quibus-

301 4793 449 4856 cumque.
931 4797 940 4813 ·

342 4871 452 4932 Datum
482 4871 612 4940 Romae,
639 4871 719 4948 apud
749 4868 779 4930 S.
806 4871 933 4930 llariam
958 4871 1049 4934 llaio·

303 4981 382 5036 rem,
399 4965 458 5026 snb
480 4965 600 5026 annulo
622 4963 800 5035 Piscatoris,
818 4964 868 5024 die
891 4979 947 5024 xuv.
966 4971 1050 5026 octo-

303 5059 367 5119 bris
389 5075 532 5129 nocuvr„
557 5057 758 5135 pontificatus
786 5057 885 5118 nostri
909 5075 992 5120 aluno
1014 5077 1049 5120 n.

551 5257 797 5267 ψ-

658 5434 696 5496 Χ.

306 5623 480 5702 Confirmet
501 5630 530 5686 et
551 5623 695 5686 declaret
716 5625 976 5686 constitutionem
1001 5625 1052 5686 lo-

344 5719 482 5781 rtoceetii
503 5717 611 5799 Papae
623 5717 673 5788 X.,
697 5734 760 5796 que
782 5719 956 5781 damnatae
976 5725 1053 5781 suat

344 5814 480 5892 quiaque
498 5813 728 5894 prepositiones
749 5819 916 5892 eecerptoe
939 5831 958 5874 o
980 5812 1053 5874 Gor·-

343 5907 420 5968 aelii
443 5907 585 5969 leaseoii
618 5905 763 5986 Episcopi
792 5905 929 5985 iprensis
958 5904 1050 5974 libro,

343 6001 396 6063 eui
418 6001 532 6064 titulus
554 6000 765 6077 augustinns.

1793 609 1831 672 39
1889 607 1939 664 dn.
1953 607 1981 664 G.
1997 609 2065 664 letto

1237 741 1473 810 ltexlboeb
1498 741 1716 810 [etscoeus

1296 883 1405 932 servus
1421 883 1577 934 servorun
1594 867 1657 944 liei,

1262 1013 1416 1083 universis
1436 1015 1688 1084 Obristiiidelibus

1136 1123 1263 1190 salutem
1286 1129 1318 1190 et
1340 1124 1539 1206 apostolicam
1563 1125 1815 1191 benedictionem.

1143 1315 1187 1376 nd
1213 1313 1355 1376 Sanc-tarn
1381 1315 1463 1378 beati
1485 1316 1570 1377 Petri
1590 1316 1704 1378 Sedent
1729 1323 1761 1378 et
1781 1318 1851 1378 nni·
1897 1317 2047 1360 lwrlilm·

1102 1407 1235 1468 versalis
1268 1407 1424 1470 Ecclesiae
1456 1409 1622 1484 regimen,
1654 1409 1850 1472 inscrutabili

1102 1500 1228 1562 divinae
1251 1501 1471 1580 providentiae
1499 1502 1724 1580 dispositione,
1755 1503 1851 1566 nullis

1102 1595 1219 1656 nostris
1241 1595 1490 1671 suifragantibus
1514 1597 1637 1658 meritis
1660 1599 1781 1668 evecti,
1807 1599 1851 1658 ni-

1103 1688 1147 1749 bil
1170 1688 1262 1750 nobis
1284 1689 1446 1766 antiquius
1462 1705 1499 1750 ex
1517 1691 1662 1752 muneris
1678 1692 1780 1753 nostri
1800 1693 1851 1754 de-

1103 1781 1167 1842 bito
1190 1797 1259 1842 esse
1282 1781 1445 1852 duximus,
1463 1797 1558 1858 quam
1574 1791 1610 1845 ut
1631 1791 1756 1846 sanctae
1778 1785 1852 1846 fidei

1102 1883 1229 1942 nostrae
1253 1892 1287 1936 ac
1317 1891 1480 1936 sacrorum
1511 1874 1697 1954 dogmatum
1720 1878 1853 1954 integri-

1104 1969 1168 2040 tati,
1187 1970 1298 2031 tradita
1321 1969 1410 2031 nobis
1433 1987 1448 2030 a
1470 1969 1536 2031 Deo
1558 1978 1724 2048 potestate,
1739 1987 1852 2050 oppor-

1103 2070 1180 2124 tune
1216 2063 1472 2126 consuleremus.
1507 2064 1567 2133 Ac,
1602 2063 1676 2126 licet
1705 2081 1739 2126 ea
1772 2081 1853 2142 quae

1102 2156 1281 2232 apostolicis
1314 2157 1597 2218 constitutionibus
1628 2158 1754 2220 abunde
1786 2159 1853 2220 iue-

1102 2255 1179 2310 ruot
1200 2249 1342 2320 delinita,
1360 2265 1462 2311 novae
1478 2251 1647 2312 decisionis
1667 2252 1736 2314 sive
1751 2253 1853 2314 decla-

1102 2344 1233 2404 rationis
1255 2344 1434 2406 accessione
1458 2359 1660 2422 nequaquam
1676 2346 1850 2422 indigeant,

1103 2438 1175 2514 quia
1198 2445 1304 2500 tamen
1325 2437 1424 2516 'aliqui
1447 2439 1591 2516 publicae
1613 2440 1853 2516 tranquillitatis

1104 2531 1344 2608 perturbatores
1380 2531 1432 2593 illa
1469 2531 1501 2592 in
1533 2531 1666 2593 dubium
1701 2548 1853 2595 revocare

1102 2625 1154 2688 vel
1174 2625 1316 2687 subdolis
1330 2623 1649 2702 interpretationibus
1665 2626 1853 2689 labefactare

1102 2735 1167 2780 non
1190 2727 1358 2790 verentur,
1382 2735 1423 2782 ne
1445 2719 1578 2780 morbus
1601 2720 1661 2780 iste
1693 2719 1787 2781 latins
1809 2720 1853 2782 di-

1102 2819 1249 2889 vagetur,
1274 2818 1424 2889 promptu
1447 2811 1637 2889 apostolicae
1658 2813 1853 2874 auctoritatis

1102 2905 1284 2967 remedium
1306 2905 1490 2966 censuimus
1520 2921 1583 2967 non
1607 2923 1677 2968 esse
1705 2907 1853 2968 diberen-

1104 2999 1191 3060 duan.

1143 3095 1162 3168 ἓ
1185 3095 1212 3154 l.
1236 3093 1403 3154 Emanavit
1425 3093 1584 3170 siquidem
1617 3093 1692 3156 alias
1714 3111 1729 3154 a
1752 3094 1852 3156 lelicis
1882 3103 1966 3146 boton
1982 3105 2085 3168 rqtojas

1104 3187 1333 3250 recordationis
1355 3186 1541 3248 innocentio
1573 3187 1652 3264 Papa
1675 3187 1701 3248 X
1723 3187 1853 3264 praede·
1872 3160 2016 3201 ¹⁰¹¹⁰⁰⁹¹¹¹¹¹
2034 3159 2061 3199 ‘x'

1104 3297 1229 3344 cessere
1251 3287 1361 3343 nostro
1390 3281 1595 3348 constitutio.
1630 3279 1800 3342 declaratio
1823 3289 1854 3341 et

1105 3376 1248 3437 delinitio
1272 3375 1392 3437 tenoris
1415 3375 1469 3451 qui
1492 3373 1660 3450 sequitur,
1685 3375 1849 3436 videlicet:

1224 3561 1491 3625 lNNOGENTlUS
1521 3561 1733 3626 EPlSCOPUS

1291 3698 1400 3743 serves
1415 3697 1580 3743 servornm
1599 3683 1666 3751 Dei,

1256 3830 1415 3892 Uaivrersis
1445 3829 1709 3913 Cbristifidelibus

1131 3941 1267 4002 salutem
1289 3943 1318 3999 et
1340 3938 1547 4018 apostolicum
1568 3937 1824 4002 benedictionem.

1144 4126 1236 4198 Cum,
1262 4125 1426 4187 occasione
1455 4125 1674 4202 impressionis
1703 4126 1775 4188 libri
1804 4129 1853 4188 cni

1105 4220 1217 4283 titulus
1242 4218 1479 4298 despectiores...
1495 4218 1642 4298 (Reliqua
1657 4220 1731 4282 vide
1746 4237 1852 4299 supra,

1105 4331 1164 4375 suo
1187 4311 1279 4390 loco).

1145 4501 1213 4576 52.
1238 4501 1421 4562 blandamus
1444 4501 1542 4576 igitur
1559 4501 1707 4564 omnibus
1729 4503 1854 4564 cbristi-
1888 4515 1988 4560 avanto
2008 4515 2087 4581 neuu-

1106 4595 1253 4658 fidelibus
1265 4594 1436 4671 utriusque
1451 4610 1557 4666 sevus,
1571 4610 1612 4656 ne
1624 4595 1663 4656 de
1677 4596 1766 4656 dictis
1784 4613 1854 4674 pro-
1873 4577 2087 4682 {ifiiissfi‘r'b'cbffuffsi'sff

1106 4689 1317 4769 positionibus
1339 4689 1480 4758 sentire,
1505 4687 1641 4760 docere,
1672 4690 1854 4767 praedicare
1874 4678 2055 4730 ¹'⁰⁵''³⁰'¹⁵''''⁸·

1106 4784 1198 4846 aliter
1213 4790 1428 4860 praesumant,
1453 4796 1547 4856 quam
1568 4783 1600 4843 in
1616 4782 1674 4844 bac
1696 4785 1854 4860 praesenti

1107 4885 1215 4940 nostra
1247 4875 1459 4938 declaratione
1482 4883 1514 4936 et
1541 4875 1728 4937 delinitione
1756 4879 1855 4939 conti-

1107 4979 1214 5043 netur,
1239 4971 1297 5032 sub
1313 4970 1457 5032 censuris
1470 4977 1502 5032 et
1518 4971 1629 5048 poenis
1652 4977 1761 5032 contra
1784 4972 1856 5032 bae-

1107 5065 1224 5127 reticos
1246 5071 1278 5126 et
1299 5079 1412 5126 eorum
1430 5063 1569 5125 lautores
1586 5064 1617 5125 in
1634 5065 1705 5126 iure
1727 5081 1856 5142 expres-

1108 5158 1159 5218 sis.
1184 5157 1399 5234 Praecipimns
1418 5157 1536 5234 pariter
1559 5157 1707 5218 omnibus
1724 5157 1857 5220 Patriar-

1108 5252 1191 5323 cbis,
1226 5250 1496 5328 brebiepiscopis,
1532 5251 1694 5328 Episcopis
1722 5252 1856 5329 aliisque

1109 5347 1254 5408 locorum
1263 5343 1448 5416 Ordinariis,
1461 5361 1585 5406 necnon
1599 5344 1776 5406 baereticae
1789 5361 1857 5422 pra-

1109 5439 1214 5499 vitatis
1235 5437 1490 5514 inquisitoribus,
1511 5444 1548 5499 ut
1562 5439 1810 5500 contradictores
1826 5447 1858 5500 et

1110 5531 1247 5594 rebelles
1263 5545 1485 5606 quoscumque
1501 5547 1558 5608 per
1573 5547 1723 5593 censuras
1740 5538 1771 5592 et
1783 5549 1856 5610 poe-

1110 5643 1165 5688 nas
1186 5624 1381 5703 praedictas,
1412 5624 1593 5701 ceterisque
1624 5625 1703 5686 iuris
1733 5631 1765 5686 et
1786 5624 1857 5686 iacti

1109 5719 1250 5780 remedia
1264 5725 1453 5796 opportuna,
1468 5719 1718 5780 invocatoetiam
1731 5719 1767 5780 ad
1784 5719 1854 5786 boo.

1109 5815 1135 5874 si
1158 5829 1237 5890 opus
1261 5812 1376 5882 luerit,
1400 5811 1519 5874 auxilio
1546 5812 1665 5874 bracbii
1687 5813 1854 5883 secularis,

1110 5906 1242 5967 omnino
1265 5911 1432 5966 coerceant
1447 5912 1479 5966 et
1493 5913 1705 5983 compescant.
1723 5904 1792 5967 Non
1811 5906 1857 5966 in-

1110 5999 1279 6062 tendentes
1302 6005 1408 6061 tamen
1430 6015 1487 6076 per
1508 5999 1589 6060 banc
1611 5999 1857 6062 declarationem
