4814 6998
1081 823 1499 920 APPENDIX
1531 825 1574 918 1.

915 1355 1168 1456 FiiRMULA
1196 1355 1562 1455 Pbolbssltltls
1596 1353 1737 1452 Fllllll

722 1575 1113 1655 onlnu'rlmuus
1146 1575 1213 1652 nr
1246 1573 1449 1652 nurture
1484 1572 1855 1649 intruserunt
1884 1570 1930 1650 ιιι

1169 1767 1490 1789 mamm

1072 2057 1118 2132 ΙΝ
1153 2055 1341 2134 litteus
1377 2052 1580 2134 Getica

587 2307 610 2362 tl
630 2305 652 2361 ὠ

547 2329 666 2478 κρατλιιᾷ
681 2399 775 2458 πιστει
790 2395 958 2455 intererimus
975 2394 1021 2454 ιιαὶ
1037 2389 1169 2472 ὁμολογῶ
1184 2387 1297 2451 ἅπαντα

547 2493 593 2550 καὶ
615 2490 776 2550 καθέιιαστα
789 2489 826 2549 τοὶ
841 2488 1035 2571 περιεχόμενα
1058 2487 1090 2547 ἐν
1108 2491 1148 2567 τῷ
1162 2485 1296 2567 συμβόλῳ

545 2588 598 2662 τῆς
619 2585 751 2655 πίστεως,
769 2579 827 2665 ὅτιρ
843 2580 863 2659 ἡ
880 2579 948 2662 sipia
963 2579 1116 2662 Ῥωμαιιιή
1137 2580 1296 2656 Ἐκκλησία

545 2681 665 2760 χρῆται,
691 2675 769 2754 ἤτοι·

585 2771 720 2832 Πιστεύω
743 2769 782 2838 εἷς
806 2764 857 2830 ἕνα
883 2769 962 2831 Θεόν
990 2769 1111 2852 Πατέρα
1137 2767 1298 2850 παντοκρά-

545 2887 629 2948 τορα,
656 2864 784 2941 ποιητήν
811 2863 933 2947 οὐρανοῦ
962 2865 1008 2924 καὶ
1034 2867 1105 2943 γῆς,
1134 2859 1244 2945 ὁρατῶν
1263 2885 1294 2922 τε

587 3101 617 3155 ιιι
632 3099 721 3144 Primo
735 3097 870 3144 volumine
886 3101 960 3144 luris
982 3099 1050 3156 (pag,
1065 3099 1113 3153 ιιι)
1135 3097 1188 3143 iam
1209 3097 1295 3142 relata

546 3165 689 3224 inspicitur
709 3167 793 3210 forma
815 3163 986 3222 professionis
1006 3164 1168 3210 orthodoxae
1187 3163 1248 3208 fidei
1262 3163 1295 3210 ab

546 3233 650 3279 Urbano
659 3235 724 3278 vill,
735 3231 899 3290 praescripta
908 3229 1100 3278 orientalibus:
1115 3243 1195 3290 quarn
1210 3231 1296 3288 igitur

546 3299 589 3344 hic
603 3299 674 3344 rides
686 3297 853 3356 impressam,
862 3299 998 3356 exemplar
1011 3300 1052 3344 est
1067 3297 1150 3352 illius,
1159 3307 1227 3355 quae
1237 3303 1295 3354 post

546 3369 621 3410 cono.
636 3364 719 3410 vatic.
736 3367 808 3410 recte
824 3375 855 3411 ac
872 3364 931 3410 iure
950 3364 1107 3411 concinnata
1123 3365 1182 3420 fuit,
1200 3369 1226 3409 et
1243 3375 1294 3421 qua

546 3443 615 3478 nunc
629 3431 778 3487 antistites,
792 3442 856 3477 suae
875 3431 987 3488 quiaque
1006 3429 1121 3477 nationis
1137 3429 1238 3488 lingua,
1254 3431 1293 3476 uti

545 3499 648 3545 debent.

585 3569 634 3612 Pro
648 3565 761 3612 historia
775 3569 867 3613 autem
878 3566 987 3612 additur
997 3566 1124 3624 professio
1133 3566 1294 3612 orthodoxae

547 3631 608 3677 ildei
621 3643 638 3678 a
658 3633 764 3680 Graecis
786 3633 933 3680 emittenda
948 3636 990 3678 SS.
1006 3635 1033 3678 b.
1048 3637 1077 3678 N.
1091 3633 1212 3690 Gregorii
1228 3635 1293 3678 xlll.

545 3698 628 3744 iussu.
650 3699 752 3756 (confer
769 3704 920 3758 postremae
941 3700 1049 3746 notulae
1070 3700 1149 3746 verba
1172 3711 1231 3758 pag.
1245 3700 1294 3754 232,

544 3763 595 3810 vol.
605 3768 624 3810 1.
638 3765 708 3812 luris
722 3769 748 3811 et
763 3769 850 3812 lnnoc.
864 3769 905 3812 lv.
924 3773 1007 3813 const.
1022 3770 1075 3812 Sub
1089 3767 1248 3820 catholicae).

583 3847 596 3874 ι
609 3833 663 3890 ligo
678 3835 705 3877 N.
722 3833 801 3880 drma
815 3833 866 3879 ilde
880 3833 958 3880 credo
972 3839 1000 3880 et
1018 3835 1145 3891 profiteor
1159 3833 1250 3879 omnia
1267 3836 1294 3878 et

544 3897 650 3954 singula
664 3910 732 3957 qnae
742 3900 914 3946 continentur
924 3900 950 3946 iu
962 3901 1082 3958 symbolo
1095 3900 1165 3956 fidei,
1175 3911 1227 3958 quo
1237 3911 1294 3946 san·

543 3967 587 4012 cta
601 3967 719 4012 ιιοιιιαιιιι
734 3967 850 4014 Ecclesia
865 3968 961 4024 utitur,
976 3968 1111 4014 videlicet:

583 4039 596 4082 ι
611 4035 631 4076 l.
645 4034 727 4080 credo
737 4034 763 4080 in
774 4045 856 4080 unum
867 4037 950 4082 Deum
960 4037 1066 4080 Patrem
1076 4035 1293 4090 omnipotentem,

542 4099 670 4146 factorem
684 4102 791 4147 coellet
806 4105 903 4156 terrae,
919 4101 1065 4148 visibilium
1080 4101 1201 4148 omnium
1216 4107 1243 4148 et
1257 4102 1294 4147 in·

543 4165 697 4213 visibilium.
713 4170 745 4214 ιιι
759 4167 787 4213 in
802 4179 885 4214 unum
896 4169 1039 4214 Dominum
1049 4173 1135 4216 lesum
1146 4169 1292 4224 christum,

543 4233 641 4279 Filium
656 4235 701 4280 Dei
712 4233 889 4292 unigenitum,
900 4247 931 4281 ex
942 4239 1018 4293 patre
1028 4239 1120 4282 natum
1130 4240 1193 4283 ante
1204 4237 1293 4282 omnia

543 4301 658 4358 saecula,
679 4303 759 4348 Deum
781 4302 814 4347 de
835 4305 895 4358 Deo,
915 4301 1007 4349 lumen
1029 4303 1061 4348 de
1081 4302 1192 4360 lumine,
1211 4306 1292 4350 nsum

543 4379 636 4413 rerum
659 4368 691 4413 de
712 4370 763 4414 Deo
784 4380 859 4425 vero,
883 4369 1004 4427 genitum
1026 4381 1077 4416 non
1100 4369 1213 4426 factum,
1236 4383 1294 4416 con·

544 4433 749 4481 substantialem
766 4436 848 4492 Patri,
865 4447 912 4494 per
929 4447 1007 4494 quem
1024 4438 1113 4484 omnia
1130 4438 1291 4490 factasunt:

543 4501 589 4558 qni
603 4505 712 4559 propter
726 4513 774 4547 nos
788 4502 910 4550 homines
925 4509 951 4550 et
966 4508 1074 4562 propter
1088 4509 1207 4551 nostram
1225 4505 1293 4551 salu·

543 4571 597 4614 tem
612 4569 748 4615 descendit
762 4569 794 4616 de
807 4570 897 4624 coelis,
912 4573 939 4616 et
960 4571 1116 4617 incarnatus
1134 4580 1175 4618 est
1194 4572 1226 4617 de
1240 4572 1294 4628 Spi-

542 4636 598 4682 ritu
614 4639 717 4693 Sancto,
732 4649 763 4683 ex
778 4637 862 4684 Maria
876 4638 994 4696 Virgine,
1004 4643 1030 4685 et
1046 4641 1124 4686 homo
1138 4640 1224 4686 factus
1239 4644 1292 4696 est;

541 4703 685 4750 crucifixus
706 4705 788 4752 etiam
803 4717 851 4764 pro
865 4705 949 4762 nobis,
964 4706 1013 4752 sub
1027 4707 1120 4754 Pontio
1138 4707 1223 4753 Pilato
1237 4717 1292 4765 pas·

542 4779 587 4816 sus
602 4773 629 4817 et
643 4773 764 4830 sepultus
778 4776 832 4828 est:
850 4777 876 4819 et
891 4774 1040 4820 resurrexit
1055 4774 1189 4820 tertiadie
1203 4786 1293 4820 secun·

541 4837 605 4882 dum
626 4837 786 4896 scripturae,
801 4841 826 4885 et
844 4840 964 4886 ascendit
983 4841 1009 4886 in
1027 4842 1143 4892 coelum:
1166 4841 1240 4887 sedet
1257 4842 1291 4888 ad

540 4902 677 4952 dexteram
687 4905 784 4960 Ριιιιιις
800 4908 826 4951 et
838 4905 937 4952 iterum
947 4909 1076 4954 venturus
1086 4909 1126 4954 est
1135 4917 1196 4954 cum
1206 4906 1291 4964 gloria

541 4969 660 5018 iudicare
680 4971 752 5018 viros
771 4974 798 5018 et
818 4977 950 5027 mortuos:
972 4973 1049 5019 cuiue
1071 4973 1147 5031 regul
1168 4985 1220 5019 non
1238 4973 1291 5019 erit

542 5037 611 5083 linis.
626 5041 659 5083 bt
673 5038 701 5084 lu
716 5038 846 5096 epu-itum
861 5041 989 5086 sanctum
1010 5039 1149 5086 Dominum
1168 5043 1195 5087 et
1210 5040 1288 5086 vivifi·

540 5109 654 5162 cantem,
669 5107 715 5163 qul
733 5117 764 5152 ex
779 5109 858 5154 Patre
871 5107 991 5165 nlltoque
1012 5108 1145 5165 procedit;
1164 5107 1210 5166 qui
1229 5119 1289 5154 cum

541 5175 620 5220 Patre
634 5175 662 5218 et
680 5173 749 5218 liiiio
767 5173 850 5220 simul
868 5175 998 5222 adoratur
1018 5179 1044 5221 et
1063 5175 1290 5233 conglorificatur,

540 5239 586 5296 qul
599 5239 728 5297 loquutus
743 5243 783 5286 est
798 5251 845 5298 per
860 5243 1011 5299 prophetas.
1026 5245 1059 5287 lit
1074 5253 1154 5290 unam
1170 5247 1289 5289 sanctam

539 5305 697 5352 catholicam
723 5309 750 5352 et
776 5307 949 5364 apostolicam
978 5307 1129 5355 Ecclesiam.
1158 5311 1290 5358 confiteor

539 5383 623 5418 unum
644 5373 778 5430 baptisma
797 5373 825 5420 ln
848 5374 1032 5422 remissionem
1056 5381 1233 5434 peccatorum.
1258 5379 1290 5422 ιιι

539 5443 649 5497 expecto
662 5441 891 5489 resurrectionem·
902 5445 1078 5490 mortuorum.
1096 5445 1128 5488 nt
1138 5443 1221 5490 vitam
1232 5455 1290 5491 ven·

538 5507 594 5553 turi
609 5507 718 5554 saeculi.
731 5511 821 5554 Amen.

578 5577 627 5626 ιι.
647 5575 730 5622 credo
750 5575 846 5632 etism,
869 5576 983 5635 suscipio
1005 5582 1086 5636 atque
1110 5579 1236 5636 profiteor
1258 5589 1289 5625 ea

538 5643 636 5699 omnia,
648 5653 716 5700 quae
731 5653 807 5690 sacra
821 5644 990 5691 oecumenica
1003 5645 1120 5703 synodus
1134 5645 1290 5692 Florentius

538 5722 618 5770 super
636 5711 735 5757 unione
752 5711 928 5759 occidentalis
947 5717 973 5758 et
993 5712 1138 5758 orientalis
1156 5713 1289 5760 Ecclesiae

538 5777 657 5824 definivit
672 5781 699 5824 et
713 5779 868 5834 declaravit,
882 5779 1004 5826 videlicet
1019 5780 1088 5836 quod
1103 5780 1218 5837 Spiritus
1229 5783 1289 5825 san-

538 5849 597 5891 ctus
611 5855 628 5892 a
642 5847 719 5892 Patre
734 5849 761 5891 et
775 5845 843 5893 nitio
856 5845 1031 5893 aeternaliter
1044 5851 1094 5902 est,
1104 5851 1131 5892 et
1144 5847 1288 5894 essentiam

539 5922 617 5960 suam
627 5924 759 5972 suumque
768 5925 826 5960 esse
835 5913 983 5960 subsistens
993 5913 1073 5960 babet
1081 5925 1111 5959 ex
1119 5916 1198 5960 Patre
1207 5913 1289 5960 simul

539 5981 568 6026 et
580 5979 657 6038 Filio,
671 5984 698 6027 et
712 5991 744 6026 ex
763 5983 878 6040 unoque
895 5980 1078 6036 aeternaliter,
1100 5984 1237 6039 tamquam
1255 5981 1289 6028 ab

1392 2300 1461 2376 ligo

1353 2393 1444 2454 iirma
1466 2393 1528 2455 ilde
1554 2393 1661 2465 credo,
1692 2401 1724 2456 et
1751 2395 1905 2473 profiteor
1934 2397 2041 2458 omnia
2070 2405 2102 2458 et

1351 2487 1488 2564 singule,
1512 2503 1593 2564 quae
1615 2487 1822 2550 continentur
1844 2489 1877 2551 in
1896 2488 2050 2567 Symbolo
2066 2489 2102 2552 il·

1351 2581 1414 2653 dei,
1438 2597 1502 2658 quo
1525 2579 1636 2643 Sancte
1658 2580 1805 2644 Romana
1819 2582 1960 2645 Ecclesia
1985 2583 2099 2655 utitur,

1351 2674 1515 2737 videlicet:

1391 2767 1495 2831 Credo
1517 2769 1550 2830 in
1578 2784 1679 2830 unum
1711 2768 1812 2831 Deum
1841 2769 1968 2832 Patrem
1998 2772 2101 2832 omni·

1350 2869 1528 2941 potentem,
1551 2862 1705 2925 factorem
1727 2861 1805 2926 caeli
1827 2871 1996 2937 biterrae,
2026 2866 2101 2928 visi·

1351 3107 1402 3140 uuo
1417 3094 1548 3152 principio
1562 3098 1588 3142 et
1603 3095 1681 3142 unica
1696 3096 1849 3153 spiratione,
1864 3097 1989 3154 procedit,
1998 3107 2059 3142 curu
2075 3097 2101 3142 ld

1350 3163 1418 3220 quod
1435 3163 1521 3208 sancti
1540 3162 1661 3209 doctores
1680 3167 1772 3210 Patres
1790 3165 1891 3219 dicunt,
1905 3175 1936 3210 ex
1955 3167 2033 3210 Patre
2052 3175 2101 3220 per

1350 3229 1446 3274 Filium
1462 3229 1604 3286 procedere
1619 3229 1748 3287 Spiritum
1769 3233 1904 3284 sanctum,
1922 3231 1955 3275 ad
1975 3231 2043 3276 banc
2062 3231 2101 3276 in·

1350 3295 1527 3353 telligentiam
1544 3297 1645 3352 tendat,
1660 3303 1691 3343 ut
1704 3309 1750 3355 per
1765 3297 1989 3354 hoceigniilcetur
1999 3297 2099 3343 lilium

1348 3373 1451 3420 quoque
1466 3375 1531 3418 esee,
1550 3363 1695 3409 secundum
1717 3367 1828 3409 Graecos
1846 3363 1961 3420 quidem.
1980 3375 2098 3419 causam,

1348 3430 1491 3476 secundum
1513 3431 1621 3478 Latinos
1640 3441 1709 3485 vero,
1728 3430 1888 3488 principium
1908 3429 2099 3477 subsistentiae

1349 3497 1464 3555 spiritus
1484 3498 1586 3554 Sancti,
1605 3499 1674 3545 siout
1694 3503 1721 3544 et
1739 3502 1853 3544 Patrem.
1873 3501 1991 3555 cumque
2008 3497 2100 3545 omnia

1348 3575 1415 3622 quae
1434 3565 1522 3610 Patris
1544 3569 1615 3620 sunt,
1635 3566 1690 3624 ipse
1709 3568 1787 3611 Patet·
1807 3565 1944 3622 unigenito
1963 3565 2030 3611 filio
2049 3577 2099 3612 suo

1348 3632 1480 3688 gignendo
1494 3633 1605 3685 dederit,
1619 3635 1726 3689 praeter
1744 3643 1802 3678 esse
1817 3634 1932 3686 Patrem,
1946 3632 1996 3678 boc
2009 3631 2098 3689 ipsum

1348 3700 1416 3756 quod
1431 3699 1546 3756 Spiritus
1561 3705 1673 3746 Sanctus
1687 3700 1806 3758 procedit
1820 3711 1851 3744 ex
1861 3699 1937 3754 nitio,
1947 3699 2003 3756 ipse
2013 3699 2099 3746 uilius

1348 3777 1364 3812 a
1374 3769 1452 3811 Patre
1461 3767 1636 3814 aeternaliter
1645 3767 1734 3822 habet,
1743 3777 1759 3812 a
1769 3777 1821 3824 quo
1831 3765 2005 3812 aeternaliter
2015 3763 2097 3812 etiam

1348 3832 1454 3888 genitus
1469 3837 1524 3886 est:
1545 3833 1671 3891 illamque
1690 3833 1831 3879 verborum
1848 3831 1958 3878 illorum
1977 3834 2099 3888 Filioque

1348 3897 1561 3956 explicationem,
1577 3901 1698 3946 veritatis
1712 3899 1887 3946 declarandae
1902 3899 1991 3956 gratia
2005 3903 2033 3944 et
2051 3901 2099 3946 im·

1350 3965 1467 4011 minente
1487 3969 1550 4012 tunc
1569 3967 1739 4023 necessitate,
1759 3966 1832 4014 licite
1850 3977 1882 4012 ac
1899 3966 2098 4014 rationabiliter

1348 4033 1472 4089 symbolo
1486 4033 1568 4080 fuisse
1582 4033 1738 4091 appositam.

1387 4106 1400 4149 ι
1414 4101 1434 4144 3.
1450 4103 1526 4156 item,
1542 4100 1569 4146 in
1579 4111 1669 4156 azymo
1678 4102 1733 4147 sire
1742 4101 1903 4148 fermentato
1912 4113 1979 4160 pane
1990 4101 2098 4148 triticeo

1347 4177 1443 4224 corpus
1458 4167 1558 4213 christi
1573 4169 1703 4214 veraciter
1718 4169 1824 4224 contici;
1848 4167 2054 4226 sacerdotesque
2069 4169 2096 4214 ιιι

1347 4235 1434 4280 altero
1441 4236 1529 4292 ipsum
1540 4236 1642 4281 Domini
1650 4247 1745 4294 corpus
1755 4237 1883 4283 conficere
1890 4237 1994 4291 debere,
2002 4247 2097 4282 unum-

1347 4313 1478 4359 quemque
1493 4303 1593 4349 scilicet
1602 4304 1677 4350 iuxta
1686 4315 1751 4350 suae
1762 4305 1901 4359 Ecclesiae,
1912 4305 1967 4350 sive
1977 4305 2097 4350 Occiden·

1348 4368 1411 4414 talis
1426 4369 1481 4416 eise
1496 4370 1647 4426 orientalis,
1662 4372 1890 4417 consuetudinem.

1386 4442 1398 4485 t
1412 4440 1432 4481 4.
1448 4439 1524 4494 ιιοιιι,
1538 4438 1561 4484 si
1576 4449 1636 4483 vere
1651 4437 1816 4494 poenitentes
1830 4438 1857 4483 in
1873 4437 1918 4483 noi
1932 4437 2041 4484 οιιιιιιιιε
2051 4437 2097 4482 de-

1347 4503 1484 4558 cesserint,
1498 4509 1640 4561 antequam
1662 4503 1750 4563 dignis
1768 4503 1946 4562 poenitentiae
1965 4503 2095 4550 fructibus

1347 4569 1378 4615 de
1392 4571 1541 4618 commissis
1562 4573 1740 4618 satisfecerint
1756 4577 1783 4618 et
1797 4571 1911 4627 omissis,
1930 4581 2022 4617 eorum
2041 4571 2096 4617 ani·

1348 4647 1404 4683 mae
1420 4639 1511 4695 poenis
1526 4639 1677 4696 purgatorii
1691 4644 1751 4698 post
1765 4643 1878 4686 mortem
1889 4639 2009 4696 purgari,
2018 4641 2054 4692 et,
2065 4641 2096 4684 ut

1346 4705 1466 4761 apoenis
1484 4705 1638 4752 huiusmodi
1657 4707 1818 4762 releventur,
1837 4707 1960 4764 prodesse
1977 4705 2016 4751 eis
2035 4705 2095 4750 iide-

1347 4769 1413 4816 lium
1429 4771 1549 4817 vivorum
1564 4771 1701 4828 sufragia,
1716 4774 1860 4820 missarum
1877 4771 1978 4818 scilicet
1997 4770 2096 4817 sacrifl-

1345 4838 1394 4894 cia,
1409 4837 1542 4884 orationes
1553 4843 1579 4884 et
1589 4840 1772 4896 eleemosynas
1782 4843 1809 4885 et
1819 4839 1873 4886 alia
1882 4838 1991 4896 pietatis
2001 4837 2093 4890 officia.

1346 4915 1413 4963 quae
1427 4917 1443 4951 a
1458 4905 1580 4954 fidelibus
1595 4907 1718 4964 proeliis
1738 4907 1860 4952 fidelibus
1879 4906 1938 4951 lieri
1956 4917 2094 4952 consuere-

1347 4975 1410 5018 runt
1426 4974 1570 5020 secundum
1587 4973 1719 5020 Ecclesiae
1733 4974 1847 5020 istituta.
1862 4973 2026 5030 illorumque
2040 4972 2095 5019 ani·

1347 5049 1412 5096 mes,
1422 5040 1477 5097 qul,
1488 5045 1547 5098 post
1557 5041 1693 5098 baptisma
1703 5041 1976 5098 susceptum,nu1lem
1986 5039 2094 5085 omnino

1347 5107 1444 5163 peccati
1455 5109 1586 5154 maculam
1597 5109 1778 5164 incurrerunt,
1787 5107 1849 5154 illas
1857 5107 1949 5162 etiam,
1958 5117 2026 5165 quae
2034 5108 2094 5164 poet

1345 5177 1510 5221 contractam
1526 5175 1627 5232 peccati
1642 5176 1783 5228 maculam,
1798 5175 1839 5220 vel
1857 5174 1885 5220 in
1905 5175 1962 5220 suis
1980 5173 2093 5232 corpori·

1346 5239 1403 5295 bus,
1418 5242 1458 5286 ve]
1475 5240 1568 5286 iisdem
1584 5245 1680 5289 exutae
1694 5241 1857 5300 corporibus,
1872 5245 1952 5298 prout
1970 5239 2094 5298 superius

1345 5307 1446 5354 dictum
1461 5312 1510 5363 est,
1525 5313 1589 5354 sunt
1603 5313 1742 5368 purgatae,
1758 5307 1785 5354 in
1799 5309 1902 5354 coelum
1924 5319 1983 5353 mox
2002 5307 2093 5365 recipi,

1344 5377 1370 5420 et
1386 5375 1486 5421 intueri
1501 5375 1571 5421 clare
1587 5375 1674 5433 ipsum
1689 5379 1770 5422 Deum
1791 5375 1891 5422 trinum
1907 5379 1933 5420 et
1948 5385 2031 5420 unum
2046 5374 2094 5419 sic·

1346 5441 1386 5486 uti
1405 5446 1454 5497 est,
1475 5442 1633 5490 meritorum
1652 5447 1741 5490 tamen
1762 5442 1918 5488 diversitate
1935 5439 2019 5487 alium
2038 5440 2093 5487 alio

1345 5508 1498 5565 perfectius;
1514 5509 1623 5556 illorum
1642 5513 1733 5558 antem
1751 5510 1864 5564 animas,
1882 5509 1928 5566 qui
1946 5509 1973 5554 ιιι
1992 5507 2092 5556 actuali

1345 5575 1452 5622 mortali
1471 5579 1577 5633 peccato
1599 5578 1640 5622 vel
1658 5577 1714 5623 solo
1731 5575 1856 5632 originali
1874 5576 2011 5632 decedunt,
2031 5587 2092 5622 mox

1344 5642 1372 5688 in
1387 5643 1520 5690 infernum
1539 5645 1705 5700 descendere,
1719 5645 1809 5701 poenis
1831 5647 1921 5690 tamen
1940 5643 2092 5701 disparibus

1344 5710 1495 5767 puniendas.

1382 5780 1430 5828 sb.
1445 5782 1521 5834 Item,
1536 5783 1655 5826 sanctam
1670 5778 1846 5837 apostolicam
1861 5779 1953 5824 sedem
1964 5782 1990 5824 et
2000 5783 2091 5825 itoma-

1344 5857 1406 5892 num
1426 5846 1579 5894 Pontificem
1599 5847 1626 5893 in
1645 5845 1799 5894 uuiversum
1818 5847 1909 5893 orbem
1930 5851 2020 5893 tenere
2041 5845 2080 5902 pri

1349 5915 1461 5970 matum,
1476 5919 1503 5960 et
1517 5914 1604 5972 ipsum
1625 5914 1777 5961 Pontificem
1797 5918 1946 5960 Romanum
1964 5923 2092 5960 sumesso

1348 5992 1404 6027 rem
1419 5993 1477 6028 esse
1493 5980 1563 6029 beati
1577 5981 1648 6028 Petri
1662 5981 1788 6040 principis
1806 5983 1997 6040 apostolorum,
2011 5983 2038 6026 et
2052 5989 2092 6024 ve·
