4814 6992
941 633 1116 680 eneeomus
1138 634 1189 678 rr.
1214 633 1266 680 xv.
1826 615 1863 679 {3
1920 617 1971 673 An.
1985 617 2013 674 G.
2029 616 2096 672 1622

321 751 586 828 Congregatione
607 752 640 814 in
663 752 738 830 ogni
760 758 869 830 tempo
891 767 926 812 se
947 767 988 812 ne
1008 766 1078 829 pos·
1133 751 1236 813 ficacia
1269 765 1340 814 esse
1369 758 1401 816 et
1428 751 1515 826 iore,
1550 769 1691 833 suosque
1721 753 1881 831 plenarios

323 846 399 908 sino
426 846 553 924 spedire
583 853 694 907 nostre
720 846 836 908 lettere
867 845 899 906 in
922 845 1024 906 torma
1046 846 1075 907 di
1134 853 1165 907 et
1186 845 1331 922 integros
1360 846 1492 911 etiectus
1524 845 1644 920 sortiri,
1663 855 1701 910 'et
1730 847 1880 920 obtineri,

325 939 444 1002 Breve.
1132 957 1166 1001 ac
1188 939 1225 1002 eb
1248 939 1398 1000 omnibus
1420 945 1452 1001 et
1473 940 1619 1018 singulis,
1643 941 1680 1003 erl
1703 955 1783 1017 quos
1812 956 1882 1019 spe-

369 1031 423 1096 bat
445 1039 555 1095 nostro
570 1033 700 1096 Palazzo
723 1033 905 1111 Apostolico
924 1034 955 1095 di
971 1032 1077 1094 Monte
1103 1104 1105 1129 =
1133 1041 1204 1106 ctat,
1222 1041 1254 1096 et
1266 1050 1323 1112 pro
1338 1040 1485 1113 tempore
1501 1035 1702 1110 quomolibet
1716 1035 1880 1113 spectabit,

325 1127 456 1190 Carano
479 1128 500 1188 li
521 1144 601 1189 xxu.
626 1127 657 1188 di
679 1127 856 1189 settembre
879 1143 1027 1188 nocuum.
1132 1127 1359 1190 inviolabiliter
1382 1128 1558 1200 observari,
1582 1128 1692 1205 sicque
1708 1143 1766 1206 per
1788 1143 1882 1204 quos-

1131 1236 1271 1298 cumque
1292 1221 1414 1283 Iudices
1437 1220 1626 1292 ordinarios,
1650 1227 1683 1283 et
1703 1221 1878 1298 delegatos,

1132 1315 1225 1376 etiam
1262 1329 1428 1377 causarum
1462 1314 1567 1391 palatii
1598 1313 1759 1392 apostolici
1794 1315 1880 1376 eutii-

369 1410 436 1485 §2
460 1408 552 1471 Nunc
581 1415 689 1471 eutem
721 1408 934 1486 Cbirograpbi
968 1407 1076 1471 buius·
1133 1415 1229 1480 tores,
1246 1407 1425 1470 sublataeis
1441 1416 1602 1470 eteorum
1617 1407 1748 1471 cuilibet
1769 1408 1881 1485 quavis

327 1504 417 1566 modi
438 1503 516 1566 etin
538 1520 577 1566 eo
598 1511 826 1566 contentorum
846 1501 1076 1563 firmiorisnb-
1131 1502 1223 1564 aliter
1244 1501 1414 1574 iudicandi,
1432 1508 1464 1563 et
1478 1502 1711 1579 interpretandi
1734 1501 1882 1564 facultate

325 1599 490 1660 sistentiae
512 1607 542 1660 et
563 1597 719 1658 validitati
744 1602 899 1672 quantum
922 1612 994 1658 curn
1017 1595 1076 1658 Do·
1132 1603 1164 1658 et
1185 1595 1382 1666 auctoritate,
1400 1594 1531 1656 iudicari
1558 1603 1590 1658 et
1605 1595 1735 1658 diffiniri
1750 1595 1880 1667 debere,

328 1692 417 1753 mino
438 1707 608 1770 possumus
623 1689 792 1752 consulere
807 1688 965 1761 volentes,
990 1689 1075 1751 Motu
1131 1708 1165 1752 ac
1187 1691 1315 1750 irritum
1336 1697 1368 1751 et
1389 1689 1537 1762 inanest
1559 1705 1651 1750 secus
1674 1703 1771 1767 super
1794 1689 1843 1752 bis
1866 1707 1882 1752 a

327 1787 479 1864 proprio,
503 1791 536 1847 et
561 1802 601 1847 en
627 1791 713 1848 certa
740 1784 871 1846 scientia
893 1791 1018 1855 nostra,
1042 1801 1076 1844 ac
1131 1797 1293 1862 quoquam
1316 1783 1428 1859 quavis
1450 1782 1638 1844 auctoritate
1660 1783 1800 1846 scienter
1828 1783 1882 1844 vei

326 1881 367 1941 de
389 1880 578 1958 apostolicae
595 1878 756 1957 potestatis
772 1879 984 1957 plenitudine,
1004 1879 1077 1941 Cbi-
1132 1861 1319 1956 iguora'nter
1341 1877 1514 1952 contigerit
1535 1877 1695 1937 attentari.

326 1974 526 2051 ecgraphum
555 1975 728 2050 scriptum,
752 1980 785 2033 et
805 1973 837 2034 in
861 1987 898 2033 eo
926 1978 1076 2034 contenta
1170 1972 1232 2048 §b
1250 1969 1320 2032 Non
1338 1969 1534 2031 obstantibus
1551 1969 1787 2041 omuibusillis‚
1801 1985 1882 2047 quae

327 2065 513 2130 huiusmodi
530 2065 1074 2143 tenorispraesentisapprobamus,
1132 2067 1163 2128 in
1185 2065 1408 2143 tibirograpbo
1432 2064 1615 2126 huiusmodi
1631 2065 1794 2128 voluimus
1817 2083 1882 2128 non

326 2169 361 2220 et
382 2159 621 2231 confirmemus
646 2158 776 2235 illisque
797 2157 989 2220 inviolabilis
1005 2174 1076 2237 apo·
1131 2161 1269 2232 obstare,
1283 2159 1482 2236 caeterisque
1497 2159 1665 2220 contrariis
1678 2158 1881 2234 quibuscum·

325 2253 458 2314 stoticae
479 2253 637 2316 firmitatis
659 2252 759 2314 robur
780 2253 957 2315 obiicimus.
1132 2270 1206 2332 qne.

368 2348 387 2422 ἓ
408 2347 437 2408 3.
462 2347 677 2408 Decernentes
692 2354 877 2423 praesentes
893 2347 1026 2419 litteras,
1043 2365 1076 2409 ac
1172 2347 1284 2410 Datum
1300 2347 1419 2409 Romae
1434 2347 1518 2424 apud
1534 2345 1565 2408 S.
1585 2346 1711 2408 Mariam
1730 2346 1881 2408 Maiorem

607 1259 788 1322 Gnaeonrus
814 1260 904 1320 Pron
926 1258 992 1321 XV.

326 2441 435 2502 omnia
451 2448 483 2502 et
503 2439 628 2516 singule
644 2441 677 2502 in
699 2440 759 2502 titis
776 2447 808 2500 et
825 2441 983 2518 praedicto
1005 2442 1077 2503 Chi·
1132 2443 1191 2504 sub
1213 2441 1332 2504 annulo
1355 2441 1534 2512 Piscatoris‚
1559 2441 1609 2502 die
1632 2457 1720 2502 xxiv.
1743 2447 1882 2518 septem-

325 2533 491 2612 rograpbo
513 2539 661 2595 contente
693 2533 815 2605 relicta,
846 2535 955 2606 firma,
980 2543 1012 2598 et
1033 2535 1077 2597 ei·
1134 2536 1197 2596 bris
1219 2551 1382 2607 unsrun..
1408 2535 1608 2614 pontificatus
1629 2535 1730 2596 nostri
1745 2552 1828 2597 anno
1844 2553 1879 2598 n.
