4836 7002
337 571 516 630 tanmem
574 569 631 632 196

320 709 534 820 fssabssssssffncfffi
552 705 721 770 auctoritas
743 710 775 766 et
797 711 951 783 potestas,
973 717 1068 780 saepe
1090 705 1181 762 antea
1202 696 1303 760 anim-

320 817 531 878 aueeornasem
552 799 760 870 advertimus,
776 815 810 860 ac
832 804 1001 876 propterea
1022 807 1188 856 summum
1211 797 1302 852 tuum

319 871 533 969 ffiffiffigmfg
552 893 584 953 in
607 892 778 955 Romanam
802 890 992 954 cathedram
1009 887 1151 950 studium
1168 893 1200 946 et
1214 899 1303 963 prae-

319 977 532 1076 }gsffgffietim'·
551 985 667 1048 claram
690 985 897 1048 devotionem
919 1001 935 1045 a
957 981 1156 1044 fraternitate
1180 987 1232 1041 tua
1254 993 1303 1039 re-

552 1079 711 1156 quirimus
733 1095 847 1156 magna
870 1076 1000 1140 fiducia:
1026 1091 1085 1137 nec
1106 1073 1301 1144 dubitamus,

551 1172 629 1250 quin
652 1173 815 1249 egregiam
846 1172 879 1232 in
908 1186 965 1232 nos
993 1167 1193 1230 voluntatem
1216 1171 1302 1228 tuam

551 1283 636 1328 nunc
659 1266 798 1330 maxime
827 1265 869 1326 sis
899 1263 1045 1326 alacriter
1078 1260 1300 1338 praestiturus.

550 1359 671 1422 Prodiit
702 1375 807 1438 nuper
839 1357 920 1436 apud
951 1356 1127 1418 Germanos
1153 1351 1193 1414 de
1215 1357 1303 1428 pote

549 1459 631 1516 state
652 1453 813 1515 Pontificis
837 1451 935 1515 liber.
967 1450 1057 1512 cuius
1085 1445 1217 1509 titulus:
1252 1445 1303 1507 lac

549 1546 629 1608 stioi
650 1543 800 1609 Eebrosii
822 1545 847 1607 l.
868 1543 900 1606 d.
924 1543 961 1605 de
980 1547 1070 1605 stote
1094 1539 1253 1602 Ecclesiae
1274 1545 1303 1600 ct

551 1639 694 1720 legitimo
718 1643 873 1720 potestate
895 1635 1032 1698 Romani
1053 1631 1229 1714 Pontificis.
1258 1630 1302 1692 Eo

551 1729 681 1810 quidem
715 1731 846 1794 nomine
875 1730 949 1794 libri
982 1729 1078 1790 buius
1110 1734 1219 1788 auctor
1248 1742 1303 1787 no-

551 1843 626 1888 men
648 1825 764 1888 celavit
783 1841 891 1896 suum,
915 1825 970 1886 sed
992 1823 1157 1886 infensum
1173 1827 1205 1882 et
1221 1819 1302 1882 male

550 1919 744 1996 cogitantem
768 1918 912 1980 animum
934 1916 1135 1996 apertissime
1151 1915 1301 1994 prodidit.

551 2013 597 2075 Eo
619 2013 706 2075 enim
730 2027 829 2090 opere
851 2013 999 2090 scriptor,
1017 2011 1085 2073 sive
1109 2009 1300 2081 haereticus,

551 2107 680 2185 qualem
703 2123 743 2168 ex
765 2107 833 2184 ipso
850 2105 933 2167 libro
949 2119 1118 2183 possumus
1137 2102 1301 2181 suspicari,

551 2201 620 2262 sive
641 2200 829 2270 catholicus,
853 2199 954 2276 qualis
977 2198 1080 2260 videri
1104 2196 1185 2265 mult.
1210 2195 1303 2258 Sum-

552 2309 642 2356 mum
671 2294 857 2356 Pontificem
887 2293 924 2354 ab
946 2308 985 2354 eo
1011 2289 1175 2368 potestatis
1204 2296 1237 2351 ct
1254 2289 1303 2350 'di-

554 2387 683 2464 gnitatis
713 2387 857 2463 fastigio,
889 2385 920 2447 in
951 2399 1015 2462 quo
1036 2401 1052 2445 a
1073 2380 1201 2445 Christo
1233 2384 1302 2461 ipso

552 2488 715 2556 tamquam
737 2479 903 2556 legitimus
925 2477 1010 2539 Petri
1031 2491 1197 2538 successor
1222 2475 1302 2538 loca·

553 2579 604 2635 tus
620 2579 679 2644 est,
694 2573 832 2634 deiicere
848 2587 881 2632 ac
897 2569 1069 2634 deturbare
1084 2577 1227 2631 conatur.
1243 2567 1303 2630 lla-

553 2666 621 2730 lum
643 2673 751 2728 autem
772 2667 915 2730 animum
937 2679 1032 2726 suum
1061 2663 1194 2726 callidus
1220 2663 1302 2725 frau-

553 2760 629 2822 dum
652 2755 778 2830 artifex,
805 2765 841 2820 ut
862 2757 1005 2820 incautos
1027 2756 1221 2834 simplicium
1248 2757 1303 2819 bo·

552 2853 677 2914 minum
709 2852 832 2914 animos
866 2850 1011 2912 blandius
1043 2850 1195 2927 decipiat,
1231 2849 1302 2912 velo

553 2945 691 3024 quodam
720 2961 753 3007 ac
784 2951 974 3022 tegumento
1003 2943 1127 3021 pietatis
1154 2943 1300 3016 obducit,

553 3040 687 3117 perinde
699 3039 787 3116 quasi
801 3053 879 3116 opus
894 3038 954 3099 boc
969 3052 1063 3098 suum
1077 3036 1116 3098 de
1129 3036 1302 3100 minuenda

552 3132 621 3194 sive
644 3130 818 3194 obterenda
844 3131 950 3209 potius
984 3128 1110 3192 Summi
1141 3129 1301 3192 Pontificis

552 3224 741 3304 auctoritate
763 3240 801 3286 eo
823 3223 956 3304 consilio
984 3223 1166 3301 scripserit,
1190 3231 1226 3286 ut
1248 3224 1302 3286 be-

553 3317 717 3389 terodoxi,
741 3317 796 3395 qui
818 3317 887 3378 eius
908 3316 1111 3394 amplitudini
1134 3323 1302 3396 tantopere

552 3419 629 3474 sunt
648 3410 784 3484 infensi,
809 3409 919 3489 placati
942 3411 1070 3475 tandem
1094 3425 1206 3473 rursus
1228 3427 1301 3474 cum

553 3505 693 3568 Romana
714 3503 865 3575 Ecclesia,
889 3519 989 3590 aqua
1011 3519 1082 3565 sese
1104 3520 1140 3566 ea
1162 3504 1302 3567 maxime

552 3599 592 3662 de
615 3615 706 3660 cansa
724 3597 923 3670 disiunxere
946 3596 1185 3674 coniungantur
1206 3605 1302 3674 atque

553 3709 655 3756 unum
677 3707 793 3770 corpus
816 3690 963 3753 efficiant.

359 3809 487 3854 scrutur
503 3819 535 3852 ne
593 3785 662 3862 52.
687 3784 888 3846 Praeclarum
911 3799 987 3845 sane
1008 3781 1132 3855 foedus,
1157 3799 1221 3861 quo
1238 3801 1302 3848 non

321 3861 453 3960 glgggessn
472 3871 536 3959 ρξξξξ
554 3881 666 3956 utique
689 3883 923 3940 convertuntur
946 3876 1109 3948 baeretici,
1126 3879 1181 3940 sed
1197 3877 1317 3939 cattio-¹

322 3979 536 4066 {gigrffiigntgj
553 3971 606 4035 lici
629 3977 872 4050 pervertuntur.
896 3969 1015 4047 ltaque,
1033 3970 1227 4033 venerabilis
1244 3971 1303 4034 fra-

322 4073 456 4172 giffium
481 4085 536 4131 rer·
555 4074 615 4138 tcr,
639 4065 733 4144 plane
753 4064 855 4134 vides,
879 4079 974 4140 quam
997 4063 1182 4141 diligenter,
1207 4079 1302 4142 quam

421 4159 426 4172 '
553 4159 666 4222 sedulo
689 4159 866 4221 cavendum
889 4159 949 4230 sit,
984 4173 1024 4220 ne
1057 4165 1120 4219 tam
1150 4158 1302 4236 pestilens

554 4255 637 4318 liber
669 4253 748 4315 istnc
779 4251 812 4314 in
844 4251 1023 4313 animarum
1053 4253 1228 4330 perniciem
1262 4253 1303 4314 ir-

554 4355 655 4426 repat.
679 4347 719 4408 Et
740 4347 892 4424 quoniam
915 4362 999 4407 nunc
1021 4346 1177 4424 temporis
1199 4347 1303 4410 irreli-

554 4441 720 4520 giosorum
742 4441 912 4502 bominum
935 4441 1070 4512 animos,
1084 4440 1185 4503 veluti
1208 4443 1302 4520 pesti-

553 4535 631 4598 lenti
661 4533 798 4611 quodam
827 4533 933 4596 sidere
962 4533 1078 4596 afflavit
1105 4535 1302 4612 scriptitandi

553 4629 707 4691 adversus
742 4627 876 4690 Romani
914 4627 1075 4690 Pontificis
1113 4635 1302 4705 potestatem

553 4723 693 4785 immane
710 4722 853 4785 studium
869 4729 901 4784 et
915 4721 1070 4800 cupiditas
1085 4735 1192 4799 prava,
1211 4728 1301 4784 tuum

553 4817 625 4890 erit,
650 4815 843 4878 venerabilis
866 4815 975 4887 frater,
999 4815 1146 4892 vigilare,
1165 4831 1205 4876 ne
1221 4815 1302 4876 eius-

555 4911 640 4973 modi
663 4910 754 4981 libri,
778 4909 832 4986 qui
855 4908 989 4972 fortasse
1018 4909 1050 4970 in
1080 4907 1204 4970 officina
1225 4915 1303 4971 sata·

472 4995 478 5006 ’
554 5021 613 5067 nae
635 5005 730 5066 modo
752 5003 926 5075 cuduntur,
952 5003 1108 5080 prodeant
1128 5001 1161 5063 in
1184 5002 1300 5074 lucem,

554 5104 608 5159 aut
629 5097 655 5158 si
677 5096 867 5174 prodierint,
884 5095 969 5157 illico
986 5096 1219 5173 opprimantur.
1241 5094 1302 5157 No·

555 5191 661 5252 vimus
687 5190 742 5266 qui
764 5189 823 5262 sis,
848 5195 1033 5265 quantoque
1063 5187 1161 5250 animi
1188 5188 1302 5254 ardore

555 5298 613 5362 pro
636 5281 747 5344 Sancta
768 5283 908 5344 Romana
931 5280 1012 5343 Sede
1034 5282 1136 5345 soleas
1162 5291 1194 5346 et
1216 5299 1302 5362 para·
1325 5351 1328 5356 ,

555 5383 606 5438 tus
628 5377 670 5437 sis
693 5376 855 5438 dimicare.
880 5374 1005 5438 Scimus
1027 5382 1070 5448 te,
1084 5377 1121 5439 ad
1137 5377 1303 5440 aedifican-

554 5471 625 5532 dam
648 5487 682 5532 ac
703 5470 854 5531 tuendam
878 5468 1052 5532 Ecclesiam
1067 5469 1124 5531 tibi
1140 5471 1302 5534 concredi-

554 5565 669 5636 ditam,
700 5563 732 5626 in
765 5564 933 5642 episcopali
965 5563 1066 5626 veluti
1099 5565 1239 5626 custodia
1272 5573 1303 5628 et

553 5675 678 5720 summa
691 5658 849 5720 excubare
865 5657 1039 5735 vigilantia.
1062 5657 1213 5732 Quocirca
1228 5659 1302 5721 satis

553 5752 708 5815 babemus
720 5753 759 5815 de
777 5751 920 5829 periculo
931 5753 1111 5818 monuisse.
1129 5751 1199 5830 lpse
1215 5754 1302 5815 enim

553 5864 610 5926 per
633 5853 665 5909 te
686 5845 933 5923 diligentissime
955 5845 1150 5924 providebis,
1175 5862 1216 5908 ne
1241 5861 1302 5923 qua

553 5958 593 6004 ex
617 5947 705 6021 parte
728 5956 785 6020 pet·
807 5941 967 6018 diruptam
983 5955 1094 6018 sepem
1109 5939 1217 6001 dolosa
1233 5943 1302 6001 vu-

1074 580 1139 626 tull.
1163 578 1255 624 bobr.
1280 578 1319 622 bit
1342 579 1371 622 Ρ.
1396 579 1424 624 F.
1449 580 1533 624 PARS
1554 581 1576 624 l.

2146 557 2198 614 An.
2211 556 2240 613 C.
2255 554 2328 611 libb

1360 711 1415 773 pes
1437 713 1507 760 sese
1534 698 1570 760 ad
1600 695 1835 760 demoliendam
1866 695 1994 756 vineam
2016 693 2109 755 istam

1359 789 1511 854 insinuet.
1529 790 1611 853 llaec
1626 791 1665 852 de
1681 796 1724 862 te,
1738 788 1932 851 venerabilis
1944 787 2053 858 frater,
2067 785 2110 846 ita

1359 883 1450 946 nobis
1480 883 1687 962 pollicemur,
1711 889 1747 946 ut
1768 881 1842 946 satis
1870 881 1976 944 securi
2004 895 2110 959 posse-

1360 991 1431 1036 mus
1454 977 1631 1054 quiescere,
1647 977 1673 1038 si
1690 975 1809 1038 multos
1825 974 1871 1037 tui
1887 973 2018 1045 similes,
2032 980 2109 1034 tam·

1359 1084 1422 1147 que
1444 1071 1578 1147 egregie
1599 1070 1754 1133 animatos
1776 1084 1852 1145 erga
1868 1066 2012 1132 Sanctam
2031 1067 2110 1129 banc

1360 1161 1475 1224 Sedem
1492 1163 1717 1242 Apostolicam
1732 1161 1935 1224 haberemus.
1959 1159 2110 1234 Quocirca

1359 1273 1418 1320 nos
1439 1272 1580 1335 quoque,
1595 1272 1671 1333 erga
1693 1255 1928 1318 fraternitatem
1945 1258 2043 1322 tuam,
2058 1267 2110 1330 pe-

1359 1351 1451 1412 rinde
1473 1367 1506 1414 ac
1536 1350 1690 1427 obsequio
1721 1349 1783 1410 isto
1804 1356 1860 1410 tuo
1890 1347 2026 1423 dignum
2048 1353 2107 1414 est,

1358 1443 1461 1504 affecti
1483 1459 1516 1504 ac
1539 1443 1710 1521 propensi,
1737 1449 1878 1504 nostram
1901 1440 1958 1502 tibi
1980 1438 2109 1501 benedi-

1358 1538 1495 1600 ctionem
1521 1536 1725 1614 peramanter
1746 1535 1964 1613 impertimur.

1399 1631 1512 1692 Datum
1534 1629 1665 1702 Romae,
1688 1629 1770 1708 apud
1799 1627 1830 1690 S.
1861 1628 1989 1690 illariam
2017 1625 2110 1688 llaio·

1358 1740 1440 1796 rem,
1464 1723 1524 1786 sub
1546 1723 1665 1786 annulo
1681 1722 1861 1794 Piscatoris,
1879 1721 1930 1783 die
1945 1737 2009 1782 xiv.
2028 1735 2109 1782 mar-

1359 1817 1394 1879 tii
1417 1831 1603 1888 dccccxiv„
1621 1814 2067 1893 pontificatusnostrian.v1.
2145 1888 2158 1908 ο

1717 2016 1855 2024 ...---.-..-

1715 2189 1753 2254 V.

1360 2381 1402 2443 Ee
1428 2379 1533 2442 eodem
1562 2385 1751 2458 argumento
1781 2377 1850 2458 ogit
1876 2393 1949 2440 com
1978 2375 2109 2457 Eopco·

1397 2470 1730 2630 ιέῗθροιέννέὴίορίρσρρο
1752 2477 1782 2533 et
1804 2470 1836 2534 S.
1854 2471 1891 2534 lt.
1909 2472 1934 2534 l.
1957 2471 2110 2550 Principe

1479 2751 1555 2819 lien.
1579 2752 1669 2820 fratri
1694 2751 1834 2818 Enerioo
1862 2749 1989 2834 losepbo

1335 2854 1340 2878 ¹
1359 2845 1498 2926 trobiep.
1511 2845 1697 2930 tloguntino,
1711 2841 1816 2912 snt.
1828 2843 1958 2928 Principi
1970 2843 2108 2924 electori,

1546 3029 1734 3098 clemens
1761 3029 1823 3097 ΡΡ.
1847 3029 1919 3097 ltltl.

1571 3219 1765 3288 Venerabilis
1787 3218 1897 3298 frater,

1390 3315 1519 3383 salutem
1542 3314 1796 3400 tet-apostolicam
1823 3311 2074 3380 benedictionem.

1397 3507 1416 3580 ἓ
1438 3505 1465 3567 l.
1490 3505 1611 3568 Prodiit
1632 3503 1716 3566 baud
1738 3503 1779 3564 ita
1802 3501 1926 3580 pridem
1942 3501 2107 3564 veneficus
2146 3519 2346 3566 mariscalcus
2365 3503 2367 3508 ’

1357 3597 1440 3661 liber
1462 3599 1501 3660 de
1533 3604 1616 3659 statu
1642 3595 1801 3658 Ecclesiae
1830 3601 1862 3656 et
1893 3595 1932 3656 de
1964 3593 2107 3672 legitima
2127 3572 2348 3683 {¹1¹¹}{¹1,⁸,130,1{{i,}{]

1358 3691 1491 3753 llomani
1512 3689 1673 3753 Pontificis
1695 3695 1861 3768 potestate.
1886 3687 1976 3749 cuius
1998 3694 2108 3748 auctor
2126 3680 2286 3779 gffifflfflss
2302 3685 2352 3779 gg·-

1356 3785 1415 3846 sub
1437 3783 1515 3844 falso
1538 3783 1668 3845 nomine
1690 3781 1801 3844 lustini
1829 3779 1978 3843 febronii
2008 3779 2108 3842 latere
2126 3785 2246 3848 fondere,
2267 3799 2351 3833 cona-

1357 3879 1461 3941 voluit
1481 3879 1514 3940 in
1537 3877 1680 3954 occulto;
1707 3877 1811 3938 omnis
1834 3877 1921 3938 enirn
1948 3878 2002 3952 qui
2026 3875 2108 3938 male
2128 3849 2335 3887 ⁵⁹¹¹¹¹⁸¹¹¹¹¹³r⁰'

1357 3973 1439 4050 agit,
1474 3973 1540 4035 odit
1562 3971 1679 4033 lucem.
1713 3969 1753 4032 Et
1783 3969 1946 4032 bominem
1977 3970 2107 4046 quidem

1358 4068 1413 4143 qui
1434 4067 1476 4128 sit
1498 4064 1643 4128 catbolici
1665 4063 1804 4126 nominis
1827 4071 1881 4124 aut
1895 4063 2041 4124 saltema
2062 4079 2108 4124 ca-

1359 4160 1474 4222 tbolica
1496 4158 1655 4235 religione
1677 4173 1741 4220 non
1761 4156 1903 4220 alienum
1919 4172 1989 4218 esse
2006 4157 2109 4218 videri

1359 4255 1447 4328 velit,
1473 4254 1625 4334 puduisse
1654 4254 1796 4331 oportuit
1823 4269 1894 4316 sese
1917 4256 2054 4332 prodere
2077 4254 2109 4314 in

1358 4347 1482 4422 lucem,
1511 4364 1582 4410 cum
1617 4348 1790 4410 Romanam
1823 4347 2035 4421 Catbedram,
2059 4350 2109 4412 cui

1358 4451 1520 4520 tamqnam
1535 4441 1746 4504 fundamento
1758 4443 1872 4504 nititur
1887 4442 2038 4504 catholica
2054 4443 2109 4506 Ec·

1358 4537 1463 4609 clesia,
1487 4535 1630 4598 funditus
1653 4541 1786 4597 conatur
1807 4544 1968 4598 evertere.
1999 4533 2110 4598 Omma

1358 4629 1413 4692 ille
1435 4644 1474 4691 ex
1498 4629 1733 4692 baereticorum
1750 4635 1782 4690 et
1798 4629 1871 4691 bnic
1887 4627 2019 4690 Sanctae
2035 4629 2109 4691 Sedi

1358 4722 1651 4785 infensissimorum
1675 4723 1845 4786 frontinum
1868 4722 1957 4785 libris
1978 4723 2109 4800 conqui-

1358 4819 1416 4879 sita
1448 4823 1480 4878 et
1510 4818 1699 4895 deprompta
1729 4819 1762 4878 in
1793 4833 1895 4878 unum
1928 4819 2108 4895 congessit;

1359 4912 1514 4988 quaedam
1530 4913 1625 4974 etiam
1642 4911 1869 4973 absurdissima
1883 4911 1922 4974 de
1935 4928 1994 4974 suo
2008 4912 2111 4976 voluit

1358 5005 1507 5076 adiicere,
1522 5021 1563 5067 ne
1578 5005 1728 5082 cuiquam
1740 5003 1946 5066 inimicorum
1964 5005 2108 5067 eiusdem

1358 5097 1559 5176 apostolicae
1582 5095 1672 5159 Sedis
1694 5098 1855 5160 secundus
1884 5113 1955 5159 esse
1984 5099 2109 5162 videre-

1361 5201 1424 5255 tur.
1454 5189 1518 5252 Nos
1542 5191 1626 5254 lruno
1655 5191 1786 5263 librum,
1817 5205 1881 5267 qno
1907 5191 2056 5254 fidelibus
2078 5200 2110 5254 et

1359 5283 1548 5362 praesertim
1572 5283 1755 5346 bominibus
1778 5284 1892 5346 barum
1919 5299 2029 5346 rerum
2057 5301 2107 5362 pa-

1359 5393 1432 5438 rum
1462 5376 1719 5454 intelligentibus
1747 5379 1885 5440 maxima
1907 5379 2041 5441 offertur
2064 5378 2109 5441 of·

1359 5471 1473 5544 fensio,
1492 5486 1596 5549 nuper
1618 5472 1876 5550 prescripsimus,
1897 5479 2049 5550 tuamque
2064 5475 2109 5534 vi-

1360 5564 1534 5642 gilantiam,
1549 5564 1743 5626 venerabilis
1763 5565 1873 5638 frater,
1892 5567 1987 5629 modo
2002 5569 2109 5644 requi·

1360 5659 1473 5730 rimus,
1491 5663 1526 5719 ut
1548 5674 1612 5719 non
1634 5658 1738 5720 solum
1763 5674 1885 5732 caveas,
1903 5677 1944 5722 ne
1967 5675 2023 5738 per
2045 5675 2109 5721 ma-

1359 5768 1419 5814 nus
1436 5751 1579 5813 fidelium
1596 5750 1853 5824 circumferatur,
1866 5753 1919 5814 sed
1938 5769 1978 5814 ne
1994 5753 2026 5813 in
2041 5751 2109 5814 ullo

1359 5844 1491 5922 quidem
1512 5845 1643 5922 angulo,
1660 5845 1686 5905 si
1702 5846 1772 5907 fleri
1789 5851 1904 5923 potest,
1924 5847 2020 5909 totius
2037 5853 2109 5909 tuae

1359 5938 1514 6001 dioecesis
1535 5939 1582 6001 illi
1604 5939 1646 6001 sit
1667 5938 1766 6002 locus.
1791 5937 1877 6002 Nibil
1893 5946 2000 6002 autem
2017 5939 2108 6002 uobis
