4836 7002
325 601 419 660 3311.
435 603 503 660 trad
560 601 617 664 192

332 2807 518 2862 munmmpta-

305 2869 364 2902 runt
383 2860 454 2904 31333.

336 3565 441 3610 Sanctio
459 3577 516 3622 poe·

302 3619 379 3666 nelis.

538 755 573 800 ac
594 754 666 801 cum
691 735 855 815 quibusvis
884 734 980 796 etiam
1011 731 1288 810 derogatoriarum

539 832 751 912 derogatoriis
780 829 914 906 aliisque
936 827 1166 890 efficacioribus
1189 833 1222 888 33
1242 825 1289 886 in·

538 925 638 987 solitis
666 923 828 992 clausulis,
852 937 910 983 nec
932 937 996 984 non
1029 919 1228 982 irritantibus
1258 927 1290 982 et

538 1019 606 1081 aliis
628 1018 765 1082 decretis
787 1017 819 1078 in
843 1030 963 1093 genere
979 1013 1032 1077 331
1047 1015 1080 1076 13
1095 1015 1201 1091 333313
1216 1031 1289 1076 con-

538 1111 653 1178 cessis,
684 1109 880 1173 confirmatis
909 1116 941 1171 et
970 1108 1143 1172 innovatis:
1172 1107 1288 1184 quibus

538 1205 688 1282 omnibus
711 1213 742 1266 et
763 1203 913 1280 singulis,
938 1201 1061 1264 etiamsi
1084 1202 1122 1265 de
1144 1201 1207 1263 illis
1237 1217 1289 1264 eo·

538 1313 676 1377 rumque
707 1298 780 1360 lotis
809 1297 974 1360 tenoribus
1000 1295 1159 1375 specialis,
1189 1295 1289 1372 speci·

538 1393 604 1462 1133,
629 1407 779 1469 expressa
793 1397 826 1452 33
840 1390 1013 1462 133131333,
1029 1406 1092 1452 333
1107 1397 1213 1452 eutem
1231 1405 1288 1468 per

538 1487 693 1550 clausulas
731 1484 899 1562 generales
936 1483 1021 1546 idem
1058 1484 1286 1560 imponantes,

539 1579 661 1642 mentio
682 1595 738 1640 333
762 1578 894 1656 quaevis
916 1578 974 1639 3113
990 1576 1154 1655 expressio
1170 1575 1287 1638 baben-

538 1673 586 1744 33,
603 1681 658 1734 333
678 1671 781 1748 311333
803 1671 862 1733 3113
884 1671 1042 1748 exquisita
1058 1669 1210 1732 13333333
1228 1671 1287 1732 boc

536 1766 692 1828 servanda
716 1764 808 1834 loret.
834 1771 963 1826 3333333
985 1763 1181 1836 buiusmodi,
1206 1767 1309 1826 3331

538 1859 577 1921 de
598 1858 699 1920 verbo
721 1857 757 1920 ad
781 1857 930 1930 verbum,
946 1856 1025 1920 nibil
1048 1858 1177 1934 penitus
1192 1858 1287 1919 omis·

536 1969 571 2013 so
593 1960 625 2014 33
646 1952 748 2014 torma
770 1952 803 2012 in
825 1951 888 2012 illis
911 1951 1022 2012 tradita
1045 1951 1223 2024 observata,
1241 1953 1287 2014 in-

537 2047 615 2106 serti
639 2045 755 2116 133333,
768 2043 988 2122 praesentibus
1010 2059 1068 2124 pro
1090 2045 1287 2107 sufficienter

538 2139 699 2217 expressis
726 2145 758 2200 et
780 2138 908 2200 insertis
937 2138 1101 2210 babentes,
1126 2139 1190 2201 illis
1212 2139 1286 2201 31133

501 2310 503 2316 Ι
537 2233 569 2294 13
592 2249 650 2294 333
673 2232 790 2294 robore
813 2233 1049 2308 permansuris,
1074 2233 1111 2293 33
1134 2233 1284 2296 ellectum

537 2327 707 2388 validitatis
730 2333 762 2388 et
784 2333 957 2404 perpetuae
981 2325 1138 2388 firmitatis
1163 2343 1197 2389 ac
1213 2341 1286 2389 ere·

537 2421 701 2497 quulionis
724 2419 975 2499 praemissorum
1000 2421 1145 2482 omnium
1171 2427 1203 2483 et
1223 2422 1287 2482 sin-

538 2515 701 2592 gulorum,
720 2515 776 2576 333
796 2515 864 2575 3133
880 2513 1053 2582 dumtaxat.
1072 2514 1186 2576 barum
1202 2515 1286 2578 serie

537 2609 717 2688 specialiter
738 2615 770 2670 33
799 2623 952 2686 expresse
980 2608 1188 2685 derogamus,
1213 2625 1286 2672 cou-

538 2703 642 2764 trariis
665 2703 934 2780 quibuscumque.

576 2799 595 2872 3
617 2797 645 2858 7.
671 2795 829 2858 Volumus
849 2802 968 2868 333333,
990 2798 1074 2874 3333
1098 2800 1285 2860 earumdem

537 2891 752 2968 praesentium
778 2890 985 2968 transumptis
996 2891 1090 2953 etiam
1107 2892 1284 2970 impressis,

537 2999 633 3046 manu
655 2983 787 3046 alicuius
810 2983 923 3044 notarii
953 2985 1070 3061 publici
1099 2987 1286 3065 subscriptis

535 3085 590 3140 aut
617 3077 725 3154 sigillo
753 3091 907 3154 personae
940 3079 972 3140 in
1005 3079 1216 3142 ecclesiastica
1242 3081 1286 3143 di-

536 3172 657 3250 gnitate
678 3173 870 3234 constitutae
894 3172 1035 3244 munitis,
1061 3174 1172 3236 eadem
1197 3190 1285 3253 pror-

534 3283 587 3328 sus
610 3266 689 3328 tides
712 3265 744 3326 in
766 3266 883 3328 iudicio
905 3273 938 3328 et
958 3273 1049 3330 extra
1071 3267 1150 3332 illud
1174 3269 1286 3333 babea-

536 3369 598 3430 tur,
613 3375 694 3436 quae
717 3359 830 3422 iisdem
855 3361 1076 3437 praesentibus
1098 3362 1283 3436 baberetur,

535 3455 560 3513 si
583 3453 744 3517 3313131333
767 3453 873 3516 133333
895 3453 947 3516 331
971 3461 1128 3519 ostensae.

576 3545 644 3622 58.
669 3545 755 3608 Nulli
779 3563 857 3624 ergo
888 3547 1021 3610 omniuo
1050 3548 1220 3612 bominum
1249 3551 1284 3614 li-

535 3647 604 3702 3333
625 3639 705 3702 3333
728 3641 873 3718 paginam
891 3641 992 3702 nostri
1010 3643 1180 3721 praecepti,
1198 3659 1285 3706 man-

535 3733 616 3806 dati,
640 3735 863 3806 concessionis
888 3733 1120 3808 declarationis,
1144 3737 1283 3810 decreti,

535 3829 749 3906 derogationis
779 3834 811 3890 33
837 3827 1009 3890 3313333313
1032 3827 1210 3907 intringere
1234 3832 1285 3894 331

535 3923 563 3982 31
587 3937 664 3983 3333
687 3921 859 3982 temerario
884 3922 1059 3994 contraire,
1083 3921 1109 3984 31
1139 3925 1210 4000 3313
1232 3942 1284 3987 33-

536 4021 600 4078 lem
617 4015 677 4076 boc
691 4021 848 4076 attentare
864 4015 1125 4094 praesumpserit,
1141 4017 1285 4094 indigna·

536 4107 656 4170 tionem
693 4107 922 4186 omnipotentis
957 4107 1012 4170 Dei
1048 4127 1081 4171 ac
1116 4110 1284 4174 bealorum

535 4202 619 4264 Petri
642 4210 674 4264 33
695 4202 793 4274 Ρ3311,
816 4200 1045 4280 Apostolorum
1068 4205 1148 4277 eius,
1172 4222 1207 4268 se
1230 4222 1285 4268 no-

534 4296 623 4357 verit·
640 4298 856 4358 incursurum.

574 4389 694 4450 Datum·
711 4388 838 4462 Romae,
869 4391 950 4468 apud
978 4388 1010 4452 S.
1036 4390 1163 4454 blaciam
1190 4392 1284 4456 Maio·

535 4499 615 4556 rem,
629 4499 712 4546 anno
724 4483 878 4545 lucarnat.
892 4483 1074 4548 Dominicae
1090 4501 1281 4560 33333333,

536 4595 577 4639 vi.
601 4579 672 4640 idus
688 4593 774 4654 ang,
792 4577 995 4656 pontillcatus
1018 4577 1117 4641 nostri
1139 4595 1223 4642 3333
1239 4597 1281 4641 vi.

535 5519 577 5582 Dc
597 5519 751 5583 Ecclesiae
768 5517 956 5583 Gallicanae
970 5517 1064 5581 malis
1079 5517 1284 5596 conquerenti

575 5613 726 5694 Episcopo
753 5612 937 5674 Ledeoicnsi
959 5611 1137 5693 significat,
1155 5612 1283 5692 Aposto-

572 5707 669 5770 licam
701 5705 809 5768 Sedcm
840 5706 927 5768 omui
959 5722 1039 5768 clero
1060 5706 1220 5768 studuisse
1241 5705 1282 5769 33

572 5801 659 5864 inula
694 5800 764 5879 ipsu
793 5799 1001 5869 removenda,
1030 5805 1059 5861 33
1088 5799 1283 5879 fertitudine

572 5897 646 5974 pori
667 5901 817 5975 paratam
840 5911 904 5955 csse
924 5895 960 5955 in
983 5893 1156 5975 Religionis
1177 5893 1282 5974 defen-

572 6005 670 6052 sione.

1061 611 1125 658 11111.
1151 609 1241 656 ΡΟΝΤ.
1267 609 1306 654 DE
1330 609 1359 656 P.
1383 609 1412 656 B.
1437 612 1519 658 PARS
1543 613 1564 660 1.

2132 593 2183 652 Ao.
2197 593 2225 651 d.
2241 593 2312 652 1735

1378 727 1550 797 Venerabili
1571 729 1660 796 tratri
1684 729 1784 797 133331
1807 727 1900 796 Felici
1928 727 2060 796 3333133

1534 823 1687 908 Episcopo
1709 822 1904 902 3333313331,

1535 1009 1723 1080 03Ε11Ε118
1746 1011 1808 1078 ΡΡ.
1831 1009 1902 1078 ΧΙΙΙ.

1558 1201 1747 1270 Venerabilis
1769 1201 1879 1280 irater,

1378 1294 1508 1361 salutern
1531 1301 1562 1364 et
1583 1295 1782 1380 apostolicam
1806 1294 2058 1363 benedictionem.

1384 1487 1402 1561 ἓ
1427 1485 1453 1547 l.
1472 1486 1698 1563 tngmvescare
1714 1489 1745 1548 13
1763 1489 1830 1549 dies
1846 1485 2022 1549 Gallicanae
2036 1486 2092 1549 Ec·
2113 1491 2335 1606 „taalullpf‘sllb

1342 1578 1456 1641 clesiae
1486 1580 1566 1642 mala
1596 1581 1776 1646 attulerunt
1807 1581 1844 1643 ad
1876 1596 1934 1642 nos
1967 1579 2093 1644 litterae
2112 1607 2159 1694 gro
2179 1601 2257 1661 marn
2275 1599 2335 1654 qus-

1343 1682 1415 1736 3333
1437 1675 1526 1734 33333
1548 1673 1600 1736 313
1623 1691 1673 1735 xv.
1700 1675 1817 1736 mensis
1839 1674 1918 1736 13311
1946 1673 2092 1752 proxime
2113 1653 2336 1760 alfiggssnffl

1342 1767 1459 1846 elapsi,
1486 1783 1566 1844 quae
1593 1767 1710 1830 idcirco
1739 1774 1886 1828 nostrum
1910 1783 1974 1830 333
1997 1767 2093 1829 modo
2112 1760 2336 1867 ffisssss’igffi‘fflfi

1343 1868 1543 1923 3333333333
1564 1861 1710 1924 dolorem
1733 1877 1773 1922 ex
1790 1861 1909 1924 misero
1930 1861 2021 1922 istius
2038 1861 2093 1923 Ec·
2113 1877 2233 1963 3333333
2252 1865 2336 1909 dinu-

1342 1952 1457 2015 clesiae
1479 1961 1562 2016 statu
1584 1962 1784 2032 susceptum.
1808 1954 1862 2016 sed
1885 1954 1980 2018 etiam
1996 1954 2093 2016 vebe-
2114 1930 2207 1964 'nm'

1344 2047 1483 2110 mentius
1505 2046 1751 2110 retricaverunt.
1785 2047 1995 2110 Miserandam
2017 2063 2093 2110 3333

1343 2140 1434 2202 nobis
1458 2141 1553 2204 33333
1576 2141 1608 2202 13
1631 2141 1693 2203 1333
1714 2157 1817 2219 regno
1845 2141 2018 2204 catholicae
2044 2157 2093 2203 re-

1344 2234 1473 2312 ligionis
1497 2233 1628 2306 laciem,
1653 2241 1689 2296 ut
1711 2234 1791 2297 nibil
1814 2235 1988 2313 quidquam
2017 2235 2092 2296 boni

1343 2331 1405 2390 iam
1427 2329 1468 2390 sit
1489 2327 1683 2407 sperandum
1707 2343 1747 2390 ex
1769 2329 1807 2390 iis
1829 2328 1995 2404 consiliis,
2012 2343 2093 2406 quae

1345 2422 1504 2499 usquead
1530 2421 1614 2485 bunc
1636 2421 1721 2484 diem
1750 2421 1878 2498 sequuti
1906 2437 2036 2492 sumus,
2061 2427 2094 2484 el

1344 2516 1404 2576 3131
1427 2515 1510 2578 11333
1525 2523 1674 2593 aegrotos
1689 2517 1823 2586 animos,
1838 2513 1973 2578 efficacia
1988 2530 2093 2578 reine-

1344 2609 1392 2672 dia
1415 2616 1617 2681 recusantes,
1642 2625 1738 2672 verae
1760 2608 1932 2672 curationis
1961 2608 2092 2686 cupidos

1343 2702 1443 2775 iaciat,
1462 2704 1641 2765 verendum
1658 2710 1717 2774 est,
1732 2719 1783 2774 33,
1801 2703 2047 2779 ingravescente
2060 2705 2091 2766 in

1343 2797 1410 2858 dies
1433 2795 1528 2864 malo,
1546 2797 1603 2859 Dei
1624 2795 1747 2860 cultum
1763 2793 1906 2857 13331333
1928 2795 1997 2857 13313
2019 2813 2092 2858 333-

1343 2891 1483 2961 vulsum,
1501 2905 1699 2966 omnemque
1718 2889 1869 2966 pietatem
1892 2889 2091 2966 profligatam

1342 3000 1376 3045 33
1398 2983 1566 3061 perditam,
1590 2983 1761 3060 aliquando
1783 2983 1884 3045 simus
1911 2984 2093 3062 deploratu-

1343 3077 1380 3138 ri.
1404 3076 1492 3150 0333
1516 3093 1580 3139 333
1604 3093 1643 3138 ex
1667 3077 1729 3138 tuis
1752 3077 1859 3148 modo,
1877 3077 1931 3139 sed
1955 3077 2090 3141 aliorum

1343 3171 1437 3233 etiam
1460 3171 1677 3249 complurium
1707 3171 1943 3234 Gallicanorum
1965 3171 2093 3251 Episco-

1342 3282 1457 3343 pornm
1491 3265 1607 3327 litteris
1640 3264 1877 3336 intelleximus,
1915 3281 1987 3327 cum
2021 3281 2092 3330 ver-

1342 3361 1418 3420 bum
1442 3359 1496 3422 Dei
1518 3359 1660 3420 3333133
1683 3366 1829 3436 tempore
1851 3359 1927 3427 Baii,
1944 3359 2090 3432 lausenii,

1342 3461 1373 3516 et
1394 3453 1568 3528 Ouesnellii
1596 3453 1762 3515 erroribus
1784 3451 1854 3514 istic
1877 3453 2090 3516 adulteratum

1341 3548 1416 3610 boni
1439 3563 1552 3609 omnes
1579 3547 1721 3624 graviter
1743 3555 1976 3623 quererentur,
2007 3563 2092 3610 nunc

1341 3657 1455 3704 eorum
1468 3655 1563 3703 voces
1585 3655 1643 3719 per
1659 3640 1741 3718 pacis
1764 3640 2006 3704 constituendae
2021 3657 2092 3704 cau-

1341 3751 1406 3796 sam
1439 3749 1653 3812 compressae:
1680 3732 1888 3812 prolanorum
1922 3735 2089 3798 bominum

1341 3847 1453 3892 manus
1469 3831 1500 3890 in
1516 3845 1619 3891 arcam
1643 3828 1770 3889 Domini
1793 3828 1944 3891 iniectae:
1970 3845 2028 3908 pro
2044 3831 2091 3893 lu·

1342 3924 1409 3986 bitu
1441 3923 1596 3985 laicorum
1628 3921 1846 3984 administrata
1875 3931 2089 3987 sacramenta:

1342 4017 1501 4080 obiectum
1535 4017 1664 4078 canibus
1688 4015 1856 4078 Sanctum:
1882 4018 1986 4078 omnis
2017 4018 2091 4080 3311-

1342 4112 1445 4189 gionis
1467 4112 1571 4173 cultus
1586 4110 1739 4173 saeculari
1758 4109 1905 4172 subditus
1921 4111 2086 4188 potestati:

1340 4219 1500 4268 sacrarum
1523 4221 1635 4266 rerum
1651 4203 1817 4266 3331331333
1833 4203 1946 4282 parlim
1970 4205 2002 4266 in
2025 4205 2091 4266 exi-

1341 4299 1419 4360 lium
1437 4298 1531 4377 pulsi,
1545 4299 1658 4378 partim
1677 4297 1863 4377 pignoribus
1879 4299 1971 4376 capti,
1989 4299 2090 4360 omni·

1340 4407 1403 4469 que
1426 4391 1586 4453 minarum
1609 4407 1731 4470 genere
1753 4391 1985 4469 perterrelacti,
2002 4408 2090 4454 3333

1340 4485 1476 4563 3313333
1494 4501 1593 4562 grege
1609 4485 1765 4564 pascendo
1780 4499 1862 4562 pene
1877 4485 1991 4548 amoti:
2010 4483 2090 4547 1313-

1341 4579 1443 4641 313333
1467 4577 1617 4650 ministri,
1642 4579 1696 4656 qui
1718 4578 1753 4640 ed
1778 4579 1832 4640 bas
1854 4577 2013 4641 Ecclesiae
2043 4579 2090 4641 in·

1340 4673 1437 4736 iurias
1459 4673 1512 4734 331
1535 4673 1657 4734 3133333
1685 4674 1750 4734 3133
1771 4671 1850 4744 3331,
1873 4673 1905 4733 13
1928 4687 2088 4735 carcerem

1340 4766 1483 4840 detrusi,
1508 4772 1561 4828 333
1582 4764 1687 4827 solum
1718 4772 1849 4828 vertare
1877 4767 1994 4828 coacti:
2020 4767 2089 4830 331-

1340 4875 1452 4922 versae
1468 4860 1607 4938 denique
1622 4859 1798 4922 Gallicanae
1810 4859 1969 4922 Ecclesiae
1982 4859 2088 4922 iniecti

1340 4955 1522 5032 compedes,
1546 4951 1822 5029 durissimumque
1851 4953 1965 5031 iugum
1988 4954 2088 5032 impo-

1339 5047 1436 5110 situm
1459 5047 1636 5110 3333133313.

1380 5145 1398 5218 §
1425 5140 1539 5203 31133
1571 5155 1650 5202 vero
1684 5147 1783 5202 333333
1815 5149 1945 5218 tamque
1974 5153 2088 5217 graves
2115 5155 2333 5201 reinsumim-

1340 5235 1499 5298 Ecclesiae
1512 5233 1617 5296 clades
1638 5234 1840 5311 agnoscimus
1864 5249 1977 5296 eorum
2000 5234 2088 5296 rudi·
2107 5206 2194 5306 Ἥ
2207 5218 2335 5318 30ξὲ3ξῶ

1339 5337 1447 5393 menta
1469 5328 1567 5391 luisse
1589 5327 1767 5400 malorum,
1794 5343 1875 5406 quae
1897 5327 2007 5391 scribit
2027 5327 2087 5390 lra-
2107 5313 2222 5424 {lffi‘ss
2242 5317 2335 5426 ”Jgssgj

1339 5421 1471 5484 33331333
1489 5421 1600 5483 333313
1613 5419 1828 5481 vosirruisse.
1845 5418 1966 5482 Novam
1978 5435 2087 5498 quaut-
2107 5422 2187 5466 senas
2201 5427 2251 5466 esc.

1339 5518 1408 5578 dam
1426 5514 1658 5596 pbilosopbiam
1678 5530 1749 5576 sese
1764 5513 1919 5576 extulisse
1935 5513 1989 5588 ais,
2006 5530 2088 5592 quae

1338 5617 1445 5673 nostra
1475 5609 1626 5689 mysteria
1659 5607 1802 5670 13331333
1830 5609 1965 5680 3333313,
1989 5623 2088 5670 33333-

1339 5719 1410 5766 333
1427 5705 1659 5782 scripturarum
1676 5701 1781 5764 313333
1796 5703 1903 5772 iidem,
1922 5701 2087 5764 bominem

1338 5799 1374 5860 ad
1397 5799 1567 5860 brutorum
1597 5797 1804 5859 animantium
1837 5796 1988 5875 deprimit
2016 5811 2088 5858 con-

1338 5892 1510 5967 ditionem3
1534 5892 1619 5952 inter
1641 5890 1786 5967 iniquum
1810 5897 1843 5952 et
1864 5906 2000 5968 aequum
2031 5907 2089 5970 per

1337 6001 1407 6050 eam
1439 5986 1624 6064 ademptum
1656 5999 1752 6047 omne
1784 5985 1975 6056 discrimen,
2004 5991 2088 6048 recta
