4814 6992
350 558 402 620 An.
416 564 443 619 G.
458 561 526 620 lost
583 561 624 626 bo*

564 701 651 760 enim
673 698 863 760 exuberanti
885 715 958 760 curn
981 699 1078 760 animi
1102 697 1203 759 nostri
1236 713 1310 774 gau-

564 793 616 854 dio
638 800 747 869 aperte
768 793 991 868 cognovimus,
1012 807 1106 870 quum
1124 792 1257 854 devotos
1279 798 1312 853 et

564 885 657 962 plano
672 885 783 947 filiales
799 901 874 962 erga
891 885 922 948 S.
941 886 1019 948 banc
1035 884 1151 947 Sedem
1175 891 1310 946 matrem

564 985 597 1039 et
619 977 803 1054 magistram
823 985 975 1050 vestram,
989 977 1021 1038 in
1038 992 1100 1054 qua
1115 994 1184 1050 nos,
1202 994 1311 1055 quarn-

564 1087 659 1148 quam
672 1071 837 1143 immeriti,
848 1070 1007 1134 Ecclesiae
1015 1071 1070 1133 liei
1081 1073 1309 1150 praesidemus,

564 1165 653 1226 alatis
674 1181 798 1236 sensus,
823 1172 855 1228 et
877 1180 970 1242 quam
994 1173 1143 1243 prompte
1165 1167 1312 1244 sapienti-

565 1258 623 1320 bus
645 1260 789 1321 eiusdem
813 1257 902 1320 Sedis
932 1259 1078 1321 decretis
1092 1267 1219 1332 vosmet
1240 1260 1312 1322 sub-

564 1353 715 1425 ieceritis,
739 1355 942 1430 agnoscendo
958 1353 1100 1416 vicarios
1115 1354 1312 1431 Apostolicos

565 1455 726 1524 tamquam
750 1448 897 1526 proprios
923 1456 955 1508 ot
977 1463 1071 1508 veros
1101 1453 1243 1525 pastores
1275 1450 1322 1509 ab'

564 1541 631 1618 ipsa
652 1539 743 1602 robis
766 1540 965 1602 constitutos.
996 1539 1059 1614 Qua
1083 1542 1121 1603 de
1143 1557 1196 1610 re.
1221 1542 1312 1604 sicuti

564 1633 682 1695 uberes
698 1633 894 1710 meritasque
909 1635 941 1696 in
955 1649 1104 1712 praesens
1117 1635 1226 1698 laudes
1242 1653 1313 1714 pro·

566 1728 654 1788 botae
678 1727 785 1805 pietati
802 1734 934 1796 ¹restrae
963 1728 1156 1801 tribuimus
1181 1730 1222 1792 ita
1249 1747 1312 1792 non

566 1821 729 1882 deerimus
755 1820 971 1882 occasionibus
1000 1836 1081 1898 quae
1104 1838 1138 1884 se
1164 1821 1311 1894 oderent,

567 1919 729 1991 paternam
753 1913 915 1975 caritatem
947 1923 1088 1976 nostram
1118 1915 1314 1978 luculentius

566 2007 657 2070 vobis
679 2007 871 2070 declarandi.
895 2007 935 2070 Et
955 2009 1099 2086 quidem,
1116 2026 1188 2072 curu
1205 2025 1314 2087 supra-

566 2102 657 2164 dictis
672 2103 704 2164 in
720 2102 821 2164 literis
836 2101 956 2164 diserte
975 2103 1243 2180 significaveritis,
1261 2119 1314 2166 ve-

566 2195 737 2256 hementor
759 2211 877 2273 cupere
900 2209 967 2268 ros,
992 2205 1028 2256 ut
1049 2203 1154 2273 patres
1178 2195 1314 2265 Societas

568 2287 606 2350 tis
638 2287 720 2360 lesu,
745 2304 760 2347 a
789 2287 918 2364 quibus,
952 2288 1016 2349 lieo
1049 2288 1315 2361 beneiuvante‚a

566 2381 709 2444 tenebris
731 2399 766 2444 ac
787 2382 901 2445 umbra
924 2384 1036 2446 mortis
1062 2384 1100 2444 ud
1122 2399 1218 2446 verae
1240 2385 1312 2446 fidei

567 2477 678 2538 lumen
701 2483 733 2537 et
753 2477 837 2537 viam
860 2485 1009 2538 aeternae
1030 2477 1139 2538 salutis
1173 2479 1313 2540 translati

567 2570 654 2643 estis
668 2571 836 2633 iterumad
852 2586 909 2632 vos
925 2579 1141 2642 revertantur,
1156 2587 1221 2634 non
1237 2573 1315 2633 orni·

567 2663 667 2725 simus
699 2663 851 2741 peculiari
883 2665 1022 2741 quodam
1053 2679 1231 2742 propensae
1262 2682 1316 2727 vo-

1085 579 1148 626 ibn.
1174 579 1264 626 bour.
1289 581 1328 624 bu
1351 577 1379 624 P.
1406 580 1433 624 F.
1460 579 1542 625 bans
1564 579 1584 624 Ι.

1367 698 1497 760 luntatis
1520 698 1660 776 impulsu
1683 699 1718 759 ad
1741 713 1851 776 preces
1875 707 1996 760 vestras
2019 699 2116 775 respi-

1367 799 1560 868 careatque
1575 791 1610 852 ad
1627 791 1794 868 spirituale
1807 790 1955 852 solatium
1971 799 2114 852 vestrum

1367 887 1551 962 augendum
1575 887 1656 948 votis
1678 885 1792 948 restris
1814 886 1995 961 indulgere,
2013 885 2116 948 iniun-

1368 980 1473 1056 gendo
1495 979 1563 1040 aliis
1586 979 1745 1058 praelatae
1767 978 1931 1041 Societatis
1962 978 2113 1055 patribus,

1368 1080 1403 1135 ut
1435 1074 1516 1134 istuc
1549 1089 1583 1136 se
1615 1073 1782 1136 conferant
1814 1073 1884 1135 loco
1914 1089 2027 1134 eorum
2062 1074 2115 1150 uui

1368 1155 1489 1229 evocati
1511 1167 1654 1230 luerunt.
1679 1167 1724 1228 Er
1742 1167 1830 1230 omni
1850 1168 1978 1228 interim
1995 1167 2114 1230 incensi

1367 1259 1471 1322 cordis
1493 1259 1608 1320 allecto
1630 1259 1724 1321 etiam
1754 1266 1849 1336 atque
1878 1260 1972 1320 etiam
2002 1260 2035 1320 in
2058 1257 2115 1321 Do·

1369 1355 1535 1416 minores
1559 1354 1743 1424 hortamur,
1776 1359 1810 1414 ut
1832 1352 2116 1430 supramemoratis

1368 1447 1500 1509 vicariis
1531 1445 1719 1524 Apostoliois
1751 1446 1838 1508 ultro
1866 1464 1899 1508 ac
1926 1453 2040 1523 sponte
2061 1445 2116 1506 ob-

1369 1541 1567 1619 temperetis,
1591 1547 1839 1617 constanterque
1856 1540 2068 1618 permaneatis
2084 1540 2115 1601 in

2153 564 2205 620 An.
2219 565 2247 620 C.
2262 563 2334 620 1689

1368 1637 1430 1698 ilde
1446 1651 1542 1711 quam
1558 1634 1766 1712 profitemini,
1784 1639 1826 1706 et,
1847 1635 1993 1711 quamvis
2013 1633 2116 1710 gravi·
2181 1705 2184 1711 .

1369 1732 1428 1792 bus
1461 1730 1593 1791 huiusce
1625 1727 1768 1790 mortalis
1793 1727 1877 1788 vitae
1905 1727 2116 1788 incommodis

1369 1824 1469 1902 pressi
1497 1823 1581 1892 sitis,
1613 1836 1778 1898 nunquam
1807 1821 1845 1882 ab
1868 1838 1902 1882 ea
1932 1819 2114 1888 discedatis,

1369 1917 1534 1978 vobiscum
1557 1915 1694 1978 subinde
1726 1921 1930 1992 reputantes,
1961 1931 2024 1976 non
2047 1931 2117 1976 esse

1368 2011 1542 2088 condignas
1574 2009 1736 2086 passiones
1770 2008 1864 2069 buius
1898 2009 2050 2086 temporis
2080 2009 2116 2070 ad

1369 2097 1509 2166 lutu'ram
1533 2102 1668 2180 gloriam
1691 2118 1772 2178 quae
1787 2101 1985 2164 revelabitur
2008 2102 2039 2162 in
2063 2118 2117 2164 no-

1369 2199 1427 2260 bis.
1451 2197 1539 2272 Quod
1562 2203 1598 2257 ut
1620 2197 1744 2273 assequi
1767 2195 1892 2262 labilius
1908 2195 2046 2272 possitis,
2064 2211 2118 2256 vo·

1370 2293 1426 2364 bis,
1440 2291 1547 2353 dilecti
1559 2290 1626 2360 lilii,
1640 2288 1843 2366 apostolicam
1859 2289 2115 2353 benedictionem

1369 2395 1571 2463 peramanter
1593 2383 1810 2461 impertimur.

1409 2481 1520 2541 Datum
1538 2477 1668 2550 Rornae,
1682 2476 1763 2554 apud
1781 2474 1813 2536 S.
1831 2475 1973 2545 Petrum,
1991 2475 2050 2536 sub
2066 2491 2118 2536 an·

1370 2573 1447 2636 nulo
1466 2573 1590 2642 Piscat,
1607 2571 1659 2632 die
1674 2585 1730 2630 vn.
1748 2569 1878 2631 ianuarii
1902 2585 2115 2636 uncruxxrx..

1370 2665 1570 2744 pontificatus
1592 2664 1693 2726 nostri
1716 2679 1800 2724 anno
1823 2667 1919 2724 uun·
