4814 6998
1067 521 1257 570 TRAGTATUS
1279 521 1336 570 SEU
1358 521 1571 569 CONCORDATA

880 641 959 704 Xlll.

695 833 866 896 Gonoeatie
888 832 975 894 inter
996 830 1090 892 Pium
1113 828 1153 892 lli

547 934 575 990 et
595 926 777 992 Praecidam
793 924 995 1006 Reipublicae
1017 921 1236 986 Hondureasis
1250 919 1297 1001 (1)

870 1021 975 1080 1861.

587 1208 688 1286 (llaec
717 1207 881 1269 conventio
911 1206 1007 1286 plane
1038 1209 1193 1267 consonat
1225 1217 1297 1264 cunt

547 1302 755 1364 conventione
781 1317 838 1381 pro
871 1298 1043 1378 Republica
1077 1297 1295 1360 Guntimalcu·

1686 635 1767 702 xlv.

1502 827 1673 890 Gonoeatio
1696 829 1781 890 inter
1802 827 1896 889 Pium
1913 827 1955 890 111

1372 928 1401 982 et
1424 921 1607 984 Praesident
1630 919 1832 1002 Reipublicae
1853 921 1884 985 S.
1906 921 2083 984 Saloutaria

1677 1018 1779 1077 1862.

1392 1201 1472 1265 Vide
1492 1203 1586 1265 buius
1608 1201 1768 1264 Pontificis
1791 1203 1918 1264 constit.
1944 1201 2103 1264 Viccrt'am

1356 1296 1620 1364 casletensem
1644 1311 1705 1372 qua
1727 1303 1776 1357 est
1797 1296 1916 1357 inserta
1932 1295 2104 1356 conventio

546 1394 586 1463 si,
615 1397 717 1463 1852,
740 1399 867 1474 eccepto
890 1392 1028 1456 articulo
1058 1391 1180 1470 quinte,
1204 1390 1297 1450 cuius
1352 1391 1453 1470 (lteris
1479 1391 1570 1454 Poat.
1596 1391 1660 1452 vol.
1679 1390 1792 1468 Vl.,-p.
1810 1389 1892 1468 398).

548 1493 639 1549 tenor
659 1488 742 1568 est):

588 1677 606 1750 5
620 1675 650 1737 ll.
665 1674 877 1738 Hondnrense
889 1674 1089 1740 Subernium
1103 1673 1297 1752 obligatione

548 1783 582 1829 se
599 1768 780 1846 obstringit,
798 1776 834 1831 ut
849 1769 991 1830 decimae
1011 1775 1112 1830 sartae
1129 1773 1230 1831 tectae
1247 1765 1298 1826 ba-

550 1863 685 1924 beantur
715 1861 853 1940 illaeque
888 1877 944 1924 sua
980 1862 1075 1924 etiam
1111 1860 1299 1938 interposita

548 1955 735 2018 auctoritate
766 1955 950 2030 solvantur;
975 1956 1137 2018 declarans
1161 1955 1299 2017 decimas

549 2051 630 2128 ipsas
650 2064 780 2128 semper
801 2051 921 2127 absque
937 2050 1001 2112 ulla
1023 2051 1212 2128 exceptione
1229 2065 1299 2112 esse

550 2143 730 2214 solvendas,
747 2144 842 2206 etiam
857 2151 1014 2222 tempore,
1028 2159 1092 2221 quo
1113 2143 1300 2221 episcopalis

549 2237 642 2299 sedes
659 2237 712 2300 vel
735 2237 902 2314 quodlibet
917 2237 1110 2300 beneficiam
1127 2237 1297 2299 vacaverit.

549 2329 694 2408 Namque
725 2329 811 2409 ipsae
847 2330 978 2392 omuino
1012 2331 1189 2393 destinatae
1225 2337 1301 2391 sunt

550 2429 618 2485 tum
650 2424 687 2485 ad
719 2423 827 2487 dotem
861 2424 1072 2502 episcopatus,
1106 2423 1236 2502 capituli
1269 2431 1301 2486 et

549 2515 713 2578 seminarii
734 2517 1001 2589 constituendam,
1028 2518 1154 2580 tumaci
1178 2517 1301 2595 impen-

549 2625 597 2670 sas
619 2611 819 2672 sustinendas
842 2626 900 2688 pro
920 2611 1029 2672 divino
1051 2609 1151 2684 cultu,
1171 2625 1229 2690 pro
1252 2627 1301 2672 ae·

551 2703 657 2766 dilicio
678 2703 869 2767 cathedralis
893 2704 1004 2782 templi
1029 2703 1229 2781 aliarumque
1252 2722 1300 2768 ec-

551 2798 799 2861 clesiasticarum
828 2799 967 2868 aedium,
999 2801 1177 2862 secundum
1207 2816 1300 2878 pecu-

552 2892 662 2954 liarem
686 2893 887 2970 propositum
903 2894 1047 2964 modum,
1071 2895 1181 2970 quiin
1205 2895 1300 2956 buius

551 2985 774 3048 conventionis
814 2985 878 3048 line
918 2985 1101 3048 exhibetur.
1141 2985 1298 3064 Quidquid

551 3095 629 3142 vero
652 3095 691 3142 ev
715 3079 912 3142 decimarum
937 3080 1115 3142 redditibus
1136 3081 1300 3158 reliquum

551 3172 659 3244 luerit,
676 3174 708 3235 in
731 3173 950 3251 promovenda
966 3173 1109 3252 publicae
1130 3175 1300 3237 institutio-

551 3268 599 3330 nis
622 3277 654 3330 et
676 3269 905 3331 beneticentiae
921 3269 1064 3331 instituta
1087 3269 1148 3331 erit
1167 3286 1301 3347 erogan-

550 3363 638 3423 dum.
670 3361 701 3424 Si
731 3369 837 3424 autem
868 3363 1009 3424 decimae
1038 3363 1119 3426 baud
1145 3365 1301 3426 sufficiant

553 3455 702 3517 omnibus
734 3457 995 3518 commemoratis
1023 3457 1220 3519 sustinendis
1247 3475 1300 3520 ex·

550 3548 668 3625 pensis,
696 3547 908 3610 Hondnrense
937 3549 1138 3612 Gubernium
1164 3553 1302 3628 spondet

551 3658 584 3703 ac
606 3643 765 3720 promittit
790 3659 825 3704 se
850 3645 1021 3720 quotannis
1048 3661 1116 3706 eam
1148 3647 1301 3723 pecuniae

549 3735 616 3797 vim
639 3751 709 3797 esse
731 3736 892 3808 daturum,
915 3751 996 3814 quae
1019 3738 1119 3799 divini
1142 3738 1247 3801 cultus
1270 3747 1302 3801 et

549 3827 626 3890 cleri
660 3829 767 3890 dotem
798 3829 890 3908 plane
919 3831 1073 3908 perficiat.
1105 3831 1301 3896 Earumdem

540 3923 745 3986 decimarum
775 3922 922 3986 collectio
945 3931 977 3987 et
1003 3925 1179 4004 adsignatio
1201 3928 1301 3990 eccle-

548 4014 749 4078 siasticorum
786 4018 1005 4080 commissioni
1041 4029 1198 4099 perpetuo
1240 4022 1302 4083 erit

549 4109 749 4183 concredita,
774 4113 825 4173 cui
853 4110 1058 4186 Ordinarius,
1083 4115 1133 4176 vel
1156 4113 1300 4178 vicarius

548 4201 730 4280 capitularis
761 4211 909 4284 tempore
931 4207 1014 4269 sedis
1036 4209 1187 4278 vacantis,
1212 4225 1301 4286 prae-

549 4295 622 4358 erit.
636 4295 668 4358 Si
686 4298 725 4360 ob
740 4305 924 4378 temporum
940 4301 1096 4373 adiuncta,
1115 4317 1196 4380 qnae
1214 4319 1301 4382 prae-

550 4391 652 4453 videri
675 4409 740 4454 non
766 4403 911 4472 possunt,
937 4395 1080 4458 decimae
1105 4397 1225 4460 aboleri
1249 4399 1300 4460 de-

552 4484 676 4557 berent,
697 4485 749 4548 vel
772 4487 875 4564 aliqua
898 4489 1034 4567 deipsis
1057 4489 1238 4554 immutatio
1254 4507 1300 4552 es-

549 4587 598 4640 set
620 4579 809 4652 inducenda,
827 4581 857 4642 id
880 4581 950 4644 lieri
974 4597 1150 4660 numquam
1171 4586 1299 4661 poterit,

551 4677 647 4750 prout
678 4673 756 4734 iuris
789 4681 847 4744 est,
880 4675 958 4751 quin
991 4674 1169 4754 apostoliea
1203 4675 1301 4739 Sedes

550 4781 641 4826 suam
658 4766 799 4844 primum
818 4766 1051 4846 interposuerit
1064 4769 1299 4839 auctoritatem,

550 4863 583 4920 et
604 4859 682 4935 quin
707 4859 906 4922 Subernium
937 4861 1022 4923 idem
1044 4860 1122 4924 alios
1151 4863 1303 4925 attribuat

551 4951 680 5026 londos,
704 4954 820 5030 quibus
837 4955 955 5016 decens
977 4961 1009 5016 et
1030 4954 1112 5017 liber
1134 4972 1191 5018 seu
1214 4951 1302 5019 inde·

553 5047 696 5124 pendens
719 5049 861 5112 redditus
890 5049 1103 5112 constituatur
1132 5050 1300 5112 adversm

552 5139 712 5204 Ecclesiae
746 5141 974 5221 proprietatem
1006 5143 1229 5214 asserendam,
1265 5143 1301 5203 iis

552 5235 703 5298 omnibus
725 5235 900 5312 pollentem
924 5235 1060 5304 iuribus,
1081 5234 1197 5312 quibus
1220 5236 1301 5298 eius-

553 5329 625 5390 dem
639 5328 857 5392 Hondureusis
868 5329 1072 5407 Reipublicae
1084 5328 1219 5406 quilibet
1231 5345 1302 5406 pro-

553 5422 725 5501 prietarius
746 5423 875 5486 inuitur.

1694 1766 1761 1830 XV.

1502 1953 1672 2017 &necatio
1694 1954 1779 2017 inter
1802 1953 1896 2016 Pium
1920 1952 1962 2016 lli

1355 2054 1385 2110 ct
1401 2047 1603 2128 Reipublicae
1621 2047 1839 2202 Vcnsstiglunac
1854 2045 2037 2110 Praesident
2058 2045 2106 2125 (2)

1699 2145 1722 2202 8
1749 2145 1783 2204 2.

1377 2331 1412 2394 ln
1427 2330 1564 2394 Nomine
1580 2329 1634 2393 SS.
1653 2337 1685 2392 et
1707 2329 1891 2393 individuae
1907 2329 2080 2391 Trinitatis.

1397 2519 1552 2582 Sanctitas
1565 2517 1638 2592 Sua,
1653 2517 1806 2581 Summus
1819 2517 1949 2589 Pontii,
1967 2517 2039 2579 Pius
2050 2517 2104 2589 tx,

1357 2621 1389 2676 et
1416 2613 1545 2674 Praeses
1578 2611 1781 2691 Reipublicae
1810 2611 2038 2674 leuetiolanaa
2071 2613 2106 2672 in

1357 2723 1431 2768 suos
1462 2706 1641 2784 respective
1673 2705 1971 2783 plenipotentiarios
2004 2706 2108 2766 nomi-

1357 2807 1493 2862 narunt:
1528 2797 1682 2862 Sanctitas
1714 2798 1776 2861 Sua
1809 2799 2104 2862 eminentissimum

1357 2893 1523 2956 dominum
1558 2891 1705 2954 iacobum
1735 2891 1919 2964 antonelli,
1944 2891 1975 2953 S.
2007 2893 2041 2955 R.
2067 2893 2105 2954 Ε.

1356 2986 1557 3049 Cardinalem
1578 2986 1746 3048 diaconum
1763 2985 1893 3048 Sanctae
1910 2985 2051 3062 Agatbae
2067 2987 2107 3048 ad

1358 3079 1550 3152 Suburram,
1584 3095 1678 3141 suum
1713 3079 1896 3142 ministrum
1924 3097 1940 3141 a
1970 3080 2107 3158 publicis

1357 3173 1509 3250 negotiis:
1535 3180 1567 3235 et
1581 3173 1785 3251 Reipublicae
1799 3173 1929 3236 Praeses
1946 3173 2109 3236 excellen-

1359 3265 1518 3328 tissimum
1541 3267 1708 3328 dominum
1733 3265 1937 3345 sylvestrum
1959 3266 2107 3329 Guenara
2205 3267 2209 3274 '

1357 3358 1642 3438 archiepiscopum
1666 3360 1930 3438 metropolitanae
1952 3361 2109 3424 ecclesiae

1358 3452 1462 3516 Sancti
1484 3453 1584 3515 lacobi
1601 3453 1640 3516 de
1655 3453 1795 3516 Garaoas.
1818 3453 1888 3528 Qui,
1906 3461 1977 3532 post
1992 3464 2109 3518 mutuo

1359 3547 1470 3610 tradita
1492 3547 1690 3626 respectivae
1713 3547 1963 3627 plenipotentiae
1988 3549 2109 3610 instru-

1358 3647 1465 3704 menta
1497 3642 1535 3704 de
1568 3641 1625 3714 iis,
1654 3655 1735 3719 quae
1767 3648 1967 3720 sequuntur,
1991 3658 2110 3705 conve·

1358 3743 1489 3797 nerunt,

1397 3829 1465 3903 §i
1496 3829 1621 3906 Religio
1652 3828 1812 3892 Gatbolica
1836 3829 2015 3908 Apostolica
2046 3831 2108 3892 Ro·

1358 3937 1449 3984 mana
1471 3939 1540 3984 esse
1563 3923 1670 4001 pergit
1691 3923 1806 3999 religio
1840 3922 2043 4002 Reipublicae
2065 3925 2108 3986 de

1357 4015 1552 4089 Venezuela,
1577 4026 1610 4080 et
1630 4017 1831 4080 Gubernium
1853 4019 1995 4094 agnoscit
2010 4034 2108 4080 suum

1359 4111 1450 4190 plane
1483 4111 1620 4174 officium
1653 4128 1723 4174 esse
1755 4111 1842 4172 iliam
1873 4113 2108 4174 studiosissime

1359 4206 1469 4267 tuendi
1498 4215 1593 4282 atque
1619 4205 1768 4268 servandi
1794 4221 1867 4267 cum
1894 4207 2044 4268 omuibus
2065 4207 2106 4268 iis

1359 4299 1480 4360 iuribus
1496 4306 1528 4360 et
1543 4298 1784 4376 praerogativis,
1799 4299 1915 4375 quibus
1930 4298 1994 4361 lrni
2010 4299 2109 4362 debet

1359 4408 1398 4453 ex
1420 4391 1476 4454 Dei
1505 4392 1704 4455 ordinatione
1727 4399 1759 4454 et
1782 4393 1941 4455 canonicis
1972 4393 2108 4456 sanctio-

1359 4486 1451 4547 nibus

1398 4580 1467 4656 §²-
1491 4581 1570 4642 iiinc
1592 4581 1769 4644 iuventutis
1797 4579 1957 4643 institutio
1979 4580 2011 4641 in
2033 4581 2106 4641 uni·

1359 4674 1575 4746 versitatibus,
1599 4673 1755 4751 collegiis,
1774 4673 1891 4737 scholis
1915 4679 1978 4736 tam
2002 4672 2107 4751 publi-

1358 4768 1402 4830 cis
1424 4783 1519 4845 quam
1542 4767 1684 4845 privatis,
1707 4773 1740 4829 et
1760 4765 1829 4829 aliis
1857 4767 2006 4830 omnibus
2028 4767 2106 4830 edu·

1358 4861 1489 4925 cationis
1520 4877 1576 4923 seu
1608 4861 1828 4924 instructionis
1852 4861 2017 4934 institutis,
2044 4861 2108 4922 erit

1359 4954 1452 5032 plane
1474 4953 1649 5018 conlormis
1671 4955 1832 5016 doctrinae
1863 4955 2009 5017 eiusdem
2032 4953 2107 5016 reli-

1359 5049 1463 5126 gionis
1484 5047 1675 5124 catholicae;
1699 5055 1731 5110 et
1759 5049 1876 5111 idcirco
1905 5049 2051 5127 Episcopi
2074 5055 2107 5110 et

1358 5141 1504 5205 locorum
1526 5140 1684 5204 Ordinarii
1700 5141 1793 5204 liberi
1810 5143 1941 5204 omuino
1961 5149 2058 5204 erunt
2071 5141 2105 5203 in

1359 5235 1525 5313 dirigenda
1554 5235 1713 5306 doctriua.
1738 5251 1818 5312 quae
1849 5237 1886 5298 ad
1909 5235 2104 5312 theologicas

1359 5335 1392 5392 et
1416 5329 1557 5392 canonici
1587 5329 1665 5390 iuris
1696 5327 1879 5401 facultates,
1902 5337 1934 5392 et
1965 5329 2003 5391 ad
2031 5329 2105 5390 alias

1360 5424 1585 5486 ecclesiasticas
1606 5424 1762 5500 cuiusque
1778 5423 1908 5500 generis
1926 5422 2105 5501 disciplinas

1362 5517 1508 5597 pertinet.
1532 5517 1666 5596 insuper
1687 5516 1784 5580 iidem
1799 5515 1958 5581 Ordiuarii
1979 5523 2012 5578 at
2032 5516 2103 5595 upt-

1359 5612 1446 5690 scopi
1468 5619 1595 5690 praeter
1616 5611 1702 5673 illam
1725 5611 1986 5685 sollicitudinem,
2009 5625 2104 5689 quam

1360 5723 1399 5767 ex
1422 5705 1543 5784 proprii
1558 5706 1728 5770 ministerii
1744 5704 1846 5768 officio
1867 5706 1900 5767 in
1922 5704 2104 5782 religiosam

598 5919 628 5975 (l)
647 5921 683 5964 Ex
698 5921 822 5973 Hernaen,
837 5917 886 5962 vol.
902 5919 923 5972 ⁴2,
938 5927 997 5974 pag.
1011 5919 1058 5961 ott.
1073 5941 1100 5948 -
1115 5917 1144 5972 (t)
1161 5916 1223 5961 lbid.
1239 5917 1288 5960 vol.
1303 5917 1324 5972 2,
1339 5927 1397 5973 pag.
1412 5919 1459 5962 ⁰25.
