4814 6992
343 583 392 640 Αιι.
407 584 435 652 O.
450 585 518 642 1685
573 585 612 646 iila

910 718 947 781 V.

554 905 769 970 patriarcnae
792 906 1014 970 Aleacndrimo
1046 907 1235 986 proteletur
1266 906 1303 968 de

593 1001 661 1062 cites
697 1017 769 1062 cem
806 1001 947 1064 Ecclesia
978 999 1138 1064 cctbolicc
1170 1001 1331 1078 conium,

594 1095 696 1156 ctione
717 1095 772 1172 (l).
1068 1192 1071 1198 ι
1328 1087 1330 1202 i

1076 599 1139 644 ltin.
1165 600 1254 644 rubr.
1281 600 1320 644 OE
1345 600 1371 643 P.
1398 599 1425 643 F.
1453 601 1534 644 PARS
1557 602 1577 644 Ι.

1529 741 1784 810 innocentius
1808 745 1869 810 ΡΡ.
1894 743 1940 810 xl.

1479 907 1515 970 ad
1538 912 1710 989 perpetuam
1734 907 1777 972 rei
1805 907 1986 972 memoriam.

1398 1101 1417 1176 g
1434 1101 1461 1161 l.
1477 1098 1601 1176 Exponi
1615 1099 1705 1160 nobis
1717 1113 1820 1176 nuper
1836 1099 1910 1160 lecit
1924 1098 2061 1160 dilectus
2074 1099 2108 1158 ll-

2147 1109 2216 1154 ane
2232 1107 2344 1150 iecerint

2127 1167 2343 1202 ιιιιιιι-ι’,ιὶεςιιιυι1

1328 1212 1330 1214 ·
1359 1195 1419 1256 lius
1446 1194 1559 1255 Petrus
1585 1193 1726 1254 Morinos
1756 1192 1930 1254 Sermanus
1960 1193 2109 1254 minister
2129 1207 2216 1256 irin-e·

553 1279 628 1345 ten.
646 1280 735 1346 tratri
757 1280 857 1346 loanni
875 1279 1072 1346 Patriarcbae
1091 1280 1300 1356 alexandrino,

719 1424 975 1493 innocentius
999 1426 1060 1492 ΡΡ.
1085 1425 1131 1492 ill.

765 1560 956 1627 venerandis
980 1561 1090 1640 irater,

584 1655 712 1722 salutem
737 1660 769 1720 et
790 1655 988 1737 apostolicam
1013 1655 1265 1722 benedictionem.

591 1845 783 1922 Exprimere
804 1845 879 1906 satis
908 1862 972 1906 non
995 1861 1165 1922 possumus
1192 1847 1299 1908 verbis

552 1939 715 2015 gandium,
740 1953 804 2015 quo
831 1939 933 1999 allecti
963 1938 995 2000 in
1019 1937 1153 2010 Domino
1180 1940 1299 2002 luimus

553 2032 593 2092 ob
616 2031 744 2092 filialem
769 2031 994 2100 obedientiam,
1019 2047 1125 2108 quam,
1145 2034 1241 2094 misso
1262 2034 1297 2094 ad

551 2126 665 2186 urbem
689 2125 805 2186 dilecto
821 2124 886 2186 lilio
903 2124 1000 2186 lratre
1017 2124 1182 2188 Francisco
1206 2127 1299 2187 ltlaria

551 2218 733 2289 aSaleme,
767 2218 840 2279 bnic
863 2217 993 2280 Sanctae
1021 2217 1095 2280 Sedi
1122 2219 1297 2298 nobisque,

551 2315 604 2390 nni
627 2313 658 2373 in
682 2329 728 2384 ea,
747 2326 939 2389 quamquam
957 2313 1122 2383 immeriti,
1141 2313 1299 2376 Ecclesiae

551 2407 604 2468 Oei
628 2406 857 2484 praesidemus,
876 2421 933 2482 per
948 2405 1051 2483 ipsum
1069 2407 1226 2482 praestilit
1240 2406 1298 2468 lra-

552 2501 681 2563 ternitas
699 2509 762 2574 tua3
780 2500 904 2562 nullum
924 2501 1010 2560 enim
1032 2500 1179 2562 solatium
1196 2502 1298 2579 aptius

550 2601 634 2666 eret,
660 2601 720 2655 tam
750 2593 848 2655 laetae
875 2593 920 2654 rei
943 2609 1111 2664 successu,
1141 2594 1298 2658 leniendis

549 2689 683 2749 assiduis
712 2695 806 2764 atque
835 2687 1021 2763 ingentibus
1057 2689 1159 2758 curis,
1184 2689 1298 2765 quibus

551 2783 693 2858 undique
727 2780 905 2859 premimur
937 2780 969 2840 in
1002 2782 1173 2844 commisso
1207 2784 1298 2846 nobis

519 2873 520 2876 ’
549 2873 737 2953 apostolicae
764 2873 931 2935 servitutis
961 2873 1064 2935 officio
1093 2879 1294 2954 exequendo.

549 2970 588 3030 Et
610 2968 740 3046 quidem
758 2969 836 3029 adeo
858 2967 1050 3045 praeclaram
1074 2970 1113 3031 de
1136 2971 1249 3047 pietate
1264 2990 1298 3034 ac

550 3063 670 3126 virtute
694 3071 745 3123 tua
769 3061 914 3137 gerimus
938 3061 1140 3139 opinionem,
1164 3073 1201 3126 ut
1222 3067 1297 3128 ube-

550 3159 667 3220 riorem
700 3157 730 3216 in
758 3156 843 3225 dies,
875 3171 912 3216 ex
938 3155 1005 3217 istis
1034 3155 1152 3220 Christi
1175 3159 1295 3230 vineis,

551 3266 757 3330 magnacum
781 3257 832 3310 tua
856 3249 948 3312 laude
972 3258 1004 3313 et
1026 3253 1142 3314 merito
1157 3253 1294 3317 fructum

548 3353 766 3423 expectemus.
785 3343 828 3405 Te
842 3343 960 3422 itaque,
979 3347 1170 3410 venerabilis
1186 3349 1295 3422 irater,

548 3441 661 3502 intimo
677 3440 769 3514 plane
782 3445 931 3515 paternae
948 3439 1085 3502 caritatis
1100 3457 1196 3504 sensu
1213 3461 1297 3505 com-

550 3535 731 3612 plectimur,
757 3531 889 3599 nullam,
914 3547 995 3608 quae
1017 3549 1051 3594 se
1074 3535 1186 3597 oderat
1213 3554 1297 3600 occa-

547 3630 682 3698 sionem,
694 3625 856 3688 dimissuri
871 3625 972 3702 reipsa
985 3626 1176 3698 declarandi,
1188 3633 1296 3706 quanti

549 3722 698 3784 iaciamus
720 3720 863 3788 lucrum,
891 3719 974 3795 quod
1005 3735 1045 3780 ex
1068 3727 1120 3782 tua
1147 3737 1219 3784 cum
1243 3723 1298 3786 Ca-

551 3815 664 3878 tbolicn
681 3812 819 3874 Ecclesia
835 3812 1062 3875 coniunctione
1081 3814 1112 3876 in
1129 3833 1163 3878 ea
1181 3817 1297 3880 redun-

548 3910 698 3970 daturum
713 3920 890 3982 speramus,
908 3905 998 3966 sicuti
1020 3905 1121 3968 lusius
1141 3925 1156 3969 a
1178 3913 1297 3986 praedi-

548 4011 598 4065 cto
615 4001 711 4062 lratre
724 3999 889 4059 Francisco
906 3997 997 4059 blaria
1015 4016 1201 4076 cognosces.
1216 4004 1296 4067 lieli·

549 4111 647 4173 quum
669 4101 716 4154 est
733 4099 767 4154 ut
782 4093 818 4152 ad
837 4092 1018 4154 uniusmodi
1036 4094 1295 4159 coniunctionem

549 4189 636 4250 omini
658 4203 698 4248 ex
720 4191 809 4262 parte
823 4185 1048 4263 perllciendam
1073 4187 1159 4249 iuxta
1177 4188 1296 4252 lormu-

549 4283 622 4352 larn,
655 4295 736 4358 quae
767 4278 822 4340 tibi
846 4279 883 4338 ab
913 4277 978 4348 illo,
1004 4280 1058 4355 qni
1088 4281 1296 4362 missionariis

548 4373 726 4453 apostolicis
763 4371 827 4433 istis
862 4371 894 4431 in
930 4373 1118 4448 regionibus
1152 4387 1293 4453 praeest,

549 4468 790 4536 transmittitur,
820 4465 1000 4528 Oatlrolieae
1023 4467 1095 4530 lidei
1127 4462 1296 4548 prolessioss

547 4579 620 4624 nem
645 4561 781 4623 emittas.
798 4558 862 4632 Qua
877 4559 917 4620 de
939 4574 974 4619 re
996 4560 1129 4623 minime
1152 4564 1295 4627 dubitan-

548 4665 605 4728 tes,
630 4654 815 4717 uberiorem
832 4652 990 4714 bonorum
1007 4655 1151 4717 omnium
1173 4659 1294 4735 copiam

547 4767 562 4811 a
584 4748 649 4810 Deo
673 4762 840 4826 precamur
873 4745 1062 4809 fraternitati
1087 4757 1169 4822 tuae,
1194 4753 1243 4813 cui
1266 4771 1294 4813 a·

549 4842 730 4921 postaticum
765 4839 897 4916 insuper
934 4841 1191 4904 benedictionem
1225 4861 1293 4922 per·

546 4944 689 4997 amanter
712 4932 928 5009 impertimur.

586 5029 696 5090 Datum
722 5027 850 5095 Romae,
881 5027 961 5102 apud
986 5025 1017 5088 S.
1043 5027 1170 5090 Mariam
1203 5031 1295 5093 blaio-

547 5140 627 5194 rem,
645 5122 704 5184 snb
727 5119 845 5182 anrrulo
862 5119 1036 5192 Piscatoris‚
1055 5122 1106 5183 die
1124 5139 1196 5185 ιιιιιι.
1213 5127 1294 5203 apri-

547 5218 583 5278 lis
599 5231 797 5284 necessum,
816 5213 1016 5291 pontificatus
1032 5219 1133 5278 nostri
1148 5235 1232 5282 anno
1248 5237 1292 5282 rs.

893 5455 944 5518 vt.

548 5593 628 5656 Loca
649 5598 764 5654 soracte
785 5589 989 5654 Palaestinos
1004 5609 1024 5654 o
1039 5589 1199 5670 fratribus
1215 5591 1293 5656 Son-

585 5687 629 5747 cti
659 5683 845 5752 licenciam,
879 5684 963 5745 sicut
996 5691 1108 5752 antec,
1138 5686 1295 5748 custodiri

585 5780 727 5842 decernit
748 5778 804 5857 (Ξ).

1054 5915 1162 5922 -—

585 5993 615 6044 tl)
633 5992 695 6034 t'rde
712 5995 789 6034 Corte
803 5995 907 6040 rlscrite
920 6014 935 6023 -
951 5990 1062 6046 litiopia,
1079 5991 1127 6034 rol.
1144 5995 1170 6045 l.,
1187 6003 1244 6048 pum
1260 5994 1307 6035 307.
1323 6016 1346 6023 -

1359 1286 1518 1363 generalis
1530 1285 1655 1349 Ordinis
1667 1285 1757 1347 iratr.
1773 1285 1885 1346 blinor.
1897 1284 2001 1348 Sancti
2015 1285 2107 1346 Fran·

1357 1381 1429 1444 cisci
1447 1382 1485 1442 de
1501 1379 1706 1442 Obseruantia
1724 1385 1993 1456 nuncupatorum,
2008 1379 2104 1456 quod,

1357 1491 1429 1536 curn
1461 1475 1581 1536 dudum
1612 1473 1651 1534 cl.
1676 1488 1774 1534 mem.
1805 1472 1963 1534 liebertus
1988 1489 2046 1534 rex
2076 1481 2108 1534 et

1357 1567 1466 1630 Sancia
1499 1566 1610 1644 regina
1644 1565 1768 1628 Siciliae
1798 1583 1813 1626 a
1840 1573 1915 1628 tunc
1947 1567 2106 1628 existente

1358 1659 1498 1723 Snldano
1533 1657 1724 1731 babiloniae,
1758 1658 1812 1736 qui
1840 1659 2024 1736 sepulcrum
2048 1660 2106 1720 Oo-

1357 1755 1434 1816 mini
1465 1763 1497 1817 at
1517 1753 1575 1815 alia
1604 1768 1689 1814 sacra
1712 1753 1778 1814 loca
1804 1752 2011 1815 ultramarina
2035 1769 2106 1830 pro-

1339 1851 1426 1928 ,prio
1456 1849 1554 1926 ipsius
1583 1846 1805 1924 Redemptoris
1833 1847 1991 1922 sanguine
2020 1848 2106 1908 dedi-

1356 1952 1431 2013 cata,
1450 1941 1611 2004 detinebat
1634 1948 1793 2017 occupata,
1821 1941 2047 2012 obtinuissent,
2070 1949 2106 2003 ut

1356 2037 1470 2098 lratres
1493 2035 1567 2098 dicti
1589 2033 1715 2096 Ordinis
1736 2033 1817 2094 intra
1833 2033 1998 2095 ecclesiam
2023 2035 2104 2094 eins-

1339 2129 1427 2191 'dem
1453 2128 1597 2206 Sepulcri
1632 2133 1761 2204 possent
1789 2127 1942 2189 continue
1964 2142 2105 2190 coturno·

1356 2225 1436 2294 rari,
1467 2228 1500 2284 et
1532 2221 1651 2282 ibidem
1683 2220 1851 2282 missarum
1880 2220 2035 2282 solemnia
2073 2229 2105 2282 et

1355 2317 1412 2377 alia
1439 2315 1544 2377 divina
1572 2312 1670 2375 officia
1703 2313 1892 2375 solemniter
1921 2313 2101 2384 celebrare,

1356 2417 1387 2469 et
1404 2409 1462 2468 iam
1479 2406 1557 2468 certi
1570 2405 1683 2466 iratres
1695 2402 1821 2466 Ordinis
1835 2405 1986 2481 praedicti
2001 2411 2102 2468 actua-

1356 2501 1427 2563 liter
1450 2506 1557 2561 essent
1586 2497 1722 2568 ibidem,
1747 2497 1915 2575 dictusque
1945 2497 2103 2560 Suldanus

1354 2592 1562 2656 coenaculum
1587 2590 1713 2652 Domini
1734 2599 1767 2652 et
1787 2591 1961 2668 cappellam
1988 2592 2020 2652 in
2042 2607 2103 2668 qua

1354 2687 1505 2766 apostolis
1541 2684 1676 2763 Spiritus
1711 2683 1843 2746 Sanctus
1875 2685 2036 2762 apparuit,
2072 2695 2104 2747 et

1353 2781 1444 2844 aliam
1468 2779 1641 2858 cappellam
1665 2779 1696 2840 in
1717 2793 1778 2855 qna
1793 2779 1951 2851 Cbristns,
1969 2781 2003 2842 B.
2021 2781 2102 2842 'lbo-

1356 2893 1404 2942 rna
1427 2867 1605 2954 praesente,
1631 2881 1701 2951 post
1724 2875 1996 2936 resurrectionem
2012 2891 2100 2936 snam

1353 2970 1504 3050 apostolis
1539 2985 1574 3030 se
1607 2967 1762 3036 ostendit,
1800 2968 1868 3044 regi
1905 2976 1938 3030 et
1972 2969 2102 3045 reginae

1353 3063 1564 3127 concessisset
1585 3061 1718 3132 eisdem,
1736 3063 1801 3138 ipsa
1824 3076 1902 3123 vero
1925 3062 2035 3138 regina
2058 3063 2103 3124 lo-

1353 3175 1425 3222 cum
1439 3157 1635 3219 aedificasset
1646 3155 1678 3216 in
1693 3154 1799 3217 Monte
1811 3154 1898 3226 Sion,
1910 3155 1991 3217 intra
2004 3172 2099 3233 quem

1353 3251 1561 3315 coenaculum
1599 3257 1631 3310 et
1663 3249 1762 3310 dictae
1794 3249 1954 3327 cappellae
1983 3253 2042 3312 sita
2071 3269 2101 3314 e-

1354 3353 1441 3416 rant,
1469 3345 1523 3406 ubi
1553 3343 1703 3406 videlicet
1731 3341 1845 3404 iratres
1873 3344 1946 3405 dieti
1975 3343 2100 3408 Ordinis

1354 3439 1535 3517 sumptibus
1568 3437 1705 3515 propriis
1738 3437 1888 3499 continue
1921 3445 2033 3500 tenere
2055 3439 2101 3500 in-

1355 3533 1504 3596 tendebat
1532 3533 1567 3592 ad
1596 3531 1742 3592 divinum
1772 3530 1963 3607 obsequium
1997 3533 2028 3594 in
2054 3549 2101 3595 se-

1354 3625 1466 3705 pulcro
1498 3633 1530 3687 et
1561 3625 1629 3686 aliis
1659 3623 1827 3700 praedictis
1857 3623 1933 3687 locis
1961 3627 2101 3688 sacratis-

1353 3721 1441 3782 simis
1458 3717 1723 3796 impendendnm,
1741 3733 1774 3778 ac
1789 3725 1856 3779 tres
1873 3733 2024 3794 personas
2036 3735 2101 3779 sae-

1353 3815 1475 3878 culares
1499 3813 1605 3882 etiam,
1629 3811 1806 3888 quaeipsis
1829 3809 1980 3872 lintribus
2003 3815 2101 3873 servi-

1354 3914 1436 3978 rent,
1448 3913 1480 3967 et
1492 3905 1668 3968 necessaria
1681 3904 1951 3966 administrarent:
1967 3905 2021 3968 lel.
2036 3923 2098 3968 rec.

1353 3999 1503 4063 Clemens
1518 3999 1574 4060 ΡΡ.
1592 3997 1643 4059 vl.
1662 3997 1889 4074 praedecessor
1908 4007 2028 4072 noster,
2047 4016 2100 4061 vn-

1354 4096 1421 4156 lens
1444 4093 1620 4156 eorundem
1645 4092 1731 4168 regis
1754 4099 1786 4152 et
1811 4092 1942 4168 reginae
1964 4095 2047 4154 rotis
2070 4103 2102 4156 et

1353 4186 1518 4250 desideriis
1533 4200 1688 4254 annuere,
1703 4185 1848 4246 Generali
1866 4193 1898 4246 et
1913 4185 2030 4249 Terrae
2046 4188 2100 4249 La-

1353 4283 1438 4345 boris
1466 4280 1593 4344 Ordinis
1617 4278 1768 4356 praedicti
1794 4279 1961 4352 ministris,
1985 4289 2016 4343 et
2037 4284 2101 4344 cni-

1353 4377 1430 4438 libet
1452 4391 1577 4446 eornm,
1592 4375 1726 4436 vocandi
1743 4382 1817 4437 tunc
1834 4382 1866 4436 et
1883 4375 1914 4436 in
1935 4383 2098 4452 posterum

1352 4472 1387 4534 ad
1422 4485 1535 4532 eorum
1569 4468 1782 4545 praesentiam
1812 4469 1998 4531 auctoritate
2030 4485 2101 4546 apo-

1351 4565 1472 4634 stolica,
1496 4564 1532 4625 ad
1560 4562 1803 4640 requisitionem
1830 4563 1987 4626 dictorum
2015 4568 2101 4642 regis

1353 4667 1384 4721 et
1406 4659 1554 4736 reginae,
1578 4657 1629 4719 rel
1657 4657 1790 4719 alicuius
1820 4673 1934 4720 eorum
1957 4668 2010 4720 aut
2031 4676 2100 4722 suc-

1351 4767 1515 4816 cessorum
1538 4767 1684 4822 suorum,
1713 4753 1751 4813 de
1775 4752 1907 4814 consilio
1934 4753 2098 4815 seniorum

1352 4847 1424 4907 dicti
1447 4842 1572 4907 Ordinis
1595 4843 1710 4906 fratres
1742 4845 1874 4906 idoneos
1904 4851 1936 4906 et
1967 4846 2099 4908 devotos

1351 4943 1390 5002 de
1413 4945 1480 5001 toto
1502 4937 1620 5000 Ordine
1643 4953 1745 5014 nsque
1775 4939 1810 5000 ad
1839 4945 1963 5000 certum
1987 4956 2100 5002 nume-

1351 5049 1436 5104 rum,
1453 5034 1492 5096 de
1515 5032 1631 5108 quibus
1655 5033 1851 5093 considerata
1872 5032 2022 5109 qualitate
2045 5049 2098 5096 ne-

1352 5127 1429 5204 gotii
1458 5127 1614 5188 vidissent
1639 5125 1804 5202 expedire,
1838 5132 1870 5187 et
1901 5142 1955 5187 eos
1977 5128 2012 5188 ad
2035 5143 2099 5189 ser-

1351 5220 1504 5282 viendum
1529 5219 1561 5280 in
1583 5217 1700 5279 divinis
1728 5225 1791 5280 tam
1815 5219 1847 5280 in
1871 5220 2002 5282 ecclesia
2025 5221 2099 5283 dicti

1351 5312 1490 5391 sepulcri
1522 5311 1695 5382 Dominici,
1727 5327 1823 5388 quam
1852 5312 1884 5372 in
1913 5329 2001 5376 sacro
2030 5330 2099 5376 coe-

1351 5406 1464 5468 naculo
1480 5413 1512 5468 et
1526 5405 1676 5483 cappellis
1693 5405 1871 5482 praedictis,
1890 5406 1993 5468 babita
2011 5408 2098 5484 prius

1350 5499 1577 5561 informatione
1599 5499 1638 5560 de
1660 5499 1843 5560 conditione
1860 5498 1995 5561 iratrum
2018 5501 2099 5578 ipso-

1352 5609 1423 5655 rum
1441 5609 1520 5669 quos
1539 5592 1751 5663 vocavissent,
1770 5610 1784 5652 a
1802 5591 1954 5654 blinistris
1972 5594 2099 5671 provin-

1351 5686 1482 5748 cialibus
1514 5687 1588 5747 dicti
1621 5685 1764 5758 Ordinis,
1796 5686 1881 5747 unde
1904 5685 2017 5748 iratres
2039 5687 2102 5764 ipsi

1352 5795 1409 5857 pro
1423 5787 1568 5857 tempore
1580 5786 1835 5850 assumerentur,
1846 5780 2018 5857 deputandi
2030 5796 2098 5842 eos-

1477 5919 1585 5926 n.—

1363 5993 1394 6048 (2)
1409 5992 1473 6036 Vide
1488 5993 1556 6038 inlra
1572 5993 1641 6038 atlas,
1658 5997 1720 6038 vrit.
1738 5997 1777 6038 Em
1792 5998 1914 6037 tretacrrrto
1930 6013 1945 6036 ιι
1959 5999 2003 6036 ,tis
