4814 6992
70 1425 116 1476 ln.
132 1423 164 1478 tl.
182 1422 265 1478 169ss

69 2360 256 2406 Prooemium.

790 981 1099 1098 ntsxxnosa
1130 1019 1260 1098 exet
1289 1020 1379 1100 vttt.

672 1413 715 1511 Ι..

308 1603 446 1666 lnmooet
468 1609 496 1664 et
514 1604 683 1682 coufirmat
704 1603 815 1666 literas
839 1601 958 1666 Urbani
977 1601 1055 1664 Vlll.

348 1697 443 1770 Alias,
458 1701 571 1758 corttre
587 1696 761 1757 detinentes
776 1693 858 1759 berto
871 1696 911 1758 ed
929 1695 1057 1757 Terram

350 1788 502 1853 Sanctum
524 1789 720 1866 pertinentia
741 1788 797 1868 (l).

476 1971 711 2040 ttfittttnfitt
734 1972 795 2039 ΡΡ.
821 1970 891 2038 lllll.

449 2162 485 2228 ed
506 2161 638 2227 luloram
662 2161 706 2227 rei
734 2161 916 2227 memorien.

350 2354 396 2415 Ex
419 2354 562 2416 iniuncto
588 2353 680 2415 nobis
709 2351 841 2414 caelitus
868 2349 1058 2429 apostolicae

306 2449 473 2509 servitutis
506 2463 660 2516 munere,
685 2445 737 2507 illa
769 2459 850 2521 quae
873 2461 889 2504 a
911 2441 1059 2504 Romanis

307 2541 513 2604 Pontificibus
537 2537 836 2618 praedecessoribus
860 2537 978 2598 nostris
1001 2552 1058 2613 pro

307 2636 394 2696 noeti
418 2637 576 2695 bonorum
600 2633 636 2695 ad
653 2648 739 2694 sacra
756 2632 822 2693 loca
845 2631 1057 2709 spectantium

306 2729 564 2800 conservatione,
589 2728 640 2804 pie
666 2727 866 2804 provideque
893 2741 1057 2786 emanasse

307 2830 496 2892 noscuntur,
514 2830 549 2881 ut
570 2819 713 2882 solidiori
733 2820 849 2880 robore
865 2827 1055 2896 perennent,

306 2916 468 2994 apostolici
482 2915 670 2976 muniminis
685 2915 787 2976 nostri
803 2913 1057 2992 praesidiorum

308 3013 337 3073 id
362 3029 378 3071 a
394 3009 484 3071 nobis
500 3009 631 3086 petitur,
649 3009 789 3070 libenter
804 3005 1056 3068 constabilimus.

270 3104 279 3120 ⁸
349 3105 417 3180 §b
442 3103 569 3164 Dudum
592 3102 753 3178 siquidem
783 3101 884 3162 delicis
914 3100 1059 3162 recorda·

309 3199 403 3260 tionis
426 3197 572 3259 Urbanus
588 3195 645 3257 ΡΡ.
660 3194 737 3256 lllll.
756 3195 983 3273 praedecessor
1004 3210 1059 3254 no·

307 3301 387 3366 ster,
404 3293 529 3370 piorum
554 3288 698 3351 locorum
718 3296 779 3349 tam
796 3289 829 3349 in
846 3288 972 3350 civitate
987 3286 1058 3349 llie·

307 3387 448 3448 rusalem
478 3401 573 3461 quam
603 3391 692 3444 extra
721 3398 790 3444 eam
820 3383 852 3443 in
876 3389 938 3443 tota
961 3381 1058 3443 l'erra

308 3477 420 3540 Sancta
436 3477 656 3547 existentium,
670 3475 871 3537 indemnitati
888 3475 1058 3536 consulere

306 3572 439 3642 volens,
469 3570 659 3632 recolendae
691 3570 866 3630 memoriae
896 3567 976 3630 Sixti
1006 3567 1056 3641 V.,

307 3674 341 3727 et
363 3664 450 3725 Pauli
475 3665 570 3726 etiam
593 3662 645 3734 lt,
668 3681 702 3724 ac
724 3661 871 3740 Gregorii
895 3661 975 3734 XV„
999 3662 1058 3724 llo-

309 3773 478 3819 manurum
492 3757 681 3826 Pontificum
698 3756 982 3834 praedecessorum
1002 3773 1056 3818 no-

307 3860 462 3922 strorum,
497 3858 572 3911 tunc
602 3865 747 3920 snorum,
771 3850 803 3910 in
830 3849 926 3910 simili
956 3849 1058 3910 torma

309 3944 421 4005 Brevis
443 3943 565 4005 litteras
580 3959 678 4020 super
694 3942 911 4020 prohibitione
927 3943 1057 4020 quibus-

309 4039 358 4098 vis
380 4035 524 4116 personis
546 4035 624 4098 lacta
639 4036 698 4098 sub
717 4037 1058 4098 excommunicationis

310 4131 438 4192 maioris
460 4130 539 4191 latae
562 4129 741 4191 sententiae
764 4145 876 4206 poena,
901 4145 940 4190 ne
963 4145 1058 4206 quae·

309 4225 358 4286 vis
375 4224 453 4285 bona
475 4225 511 4284 ed
535 4223 601 4285 loca
624 4222 760 4301 praelata
775 4225 948 4301 spectantia
969 4225 1058 4286 inde-

310 4319 375 4380 bite
397 4319 477 4396 apnd
495 4334 529 4378 se
545 4317 735 4389 retinerent,
753 4317 805 4378 vel
828 4317 860 4378 in
875 4316 953 4378 alios
969 4333 1055 4390 usus,

309 4413 403 4473 etiam
427 4411 634 4488 quantumvis
658 4411 726 4487 pios
747 4419 779 4471 et
801 4417 964 4486 urgentes,
985 4429 1058 4472 con-

312 4513 488 4576 verterent,
502 4503 554 4565 vel
569 4505 643 4566 alias
659 4505 887 4581 quoquomodo
903 4505 1057 4568 distrabe·

312 4608 394 4669 rent,
419 4605 578 4660 emanatas
597 4599 783 4659 auctoritate
799 4599 968 4675 apostolica
985 4616 1057 4661 con·

310 4695 449 4755 brmavit
483 4702 515 4754 et
549 4693 752 4770 approbavit;
786 4699 818 4752 et
846 4692 1056 4754 nibilominus

310 4789 458 4850 omnibns
480 4795 512 4850 et
533 4786 670 4863 singulis
686 4786 855 4862 utriusque
874 4803 970 4848 sexus
987 4803 1058 4864 per·

309 4883 406 4952 sonis,
423 4882 655 4956 cuiuscumque
672 4879 846 4956 dignitatis,
861 4887 969 4952 status,
988 4897 1056 4958 gra-

309 4977 378 5046 dus,
396 4975 516 5038 ordinis
539 4979 571 5035 et
586 4973 788 5044 conditionis
805 4973 837 5034 in
854 4975 973 5036 virtute
988 4991 1057 5038 san-

308 5076 376 5131 ctae
399 5066 598 5130 obedientiae
620 5083 654 5127 ac
669 5065 729 5128 sub
744 5068 853 5128 eadem
872 5084 1056 5130 excommu-

310 5161 474 5224 nicationis
498 5159 626 5222 maioris
648 5159 728 5220 latae
744 5161 923 5221 sententiae
943 5177 1054 5239 poena,

308 5275 325 5317 a
348 5273 418 5334 qua,
439 5255 566 5316 nonnisi
588 5254 626 5314 ab
649 5269 687 5315 eo
710 5254 762 5314 vel
784 5253 925 5315 llomano
952 5253 1056 5316 Ponti·

310 5349 368 5410 fiee
391 5364 447 5426 pro
470 5355 615 5424 tempore
639 5347 807 5417 existente,
832 5353 1055 5423 praeterquam

310 5445 342 5504 in
364 5441 475 5502 mortis
490 5441 636 5512 articulo,
657 5439 778 5500 absolvi
795 5447 934 5516 possent,
952 5441 1057 5503 distri-

307 5545 359 5598 cte
382 5535 540 5613 praecepit
562 5541 593 5596 et
615 5534 792 5606 mandavit,
818 5550 857 5595 ne
887 5535 926 5596 de
948 5543 1056 5597 cetero

307 5627 449 5690 cuiusvis
473 5627 601 5703 generis
623 5626 704 5688 bona
726 5627 762 5688 ad
786 5627 852 5688 loca
873 5628 1056 5690 huiusmodi

308 5722 498 5800 spectantia,
530 5719 643 5798 quovis
673 5727 859 5798 praetextu,
893 5737 982 5782 cansa
1005 5721 1056 5782 vel

1113 1423 1375 1492 praesumerent,
1399 1417 1454 1479 sed
1477 1418 1530 1480 illa
1553 1419 1675 1482 eisdem
1705 1421 1783 1483 locis
1805 1438 1862 1483 seu
1901 1437 1951 1492 An.
1965 1437 1993 1494 c,
2009 1435 2078 1494 loeo

1113 1508 1243 1570 illorum
1266 1511 1434 1587 agentibus
1455 1512 1585 1574 realiter
1601 1521 1633 1576 et
1654 1523 1732 1576 cum'
1747 1515 1862 1578 ellectu

1114 1603 1334 1676 restituerent,
1359 1611 1390 1666 et
1411 1605 1497 1677 alias,
1521 1616 1615 1685 prout
1636 1608 1768 1670 uberius
1790 1627 1864 1672 eon-

1114 1696 1235 1758 tinetur
1265 1698 1297 1757 in
1330 1699 1430 1775 ipsius
1460 1698 1578 1761 Urbani
1609 1703 1863 1779 praedecessoris

1114 1789 1215 1850 literis
1247 1791 1385 1869 desuper
1411 1792 1444 1852 in
1473 1793 1584 1854 eadem
1617 1794 1720 1856 torma
1752 1796 1863 1859 Brevis

1114 1884 1282 1961 expeditis,
1308 1886 1427 1947 tenoris
1450 1887 1504 1964 qui
1519 1888 1677 1965 sequitur,
1694 1889 1859 1952 videlicet:

1303 2069 1490 2135 uubanus
1512 2073 1568 2136 ΡΡ.
1593 2073 1670 2137 vttl.

1220 2257 1262 2319 cd
1280 2263 1467 2338 perpetuom
1488 2260 1537 2321 rei
1557 2261 1755 2324 mensorium.

1154 2443 1238 2506 Alias
1253 2461 1269 2504 a
1285 2443 1386 2506 lelicis
1398 2446 1627 2508 recordationis
1640 2455 1700 2508 etc.
1717 2447 1862 2528 (llellqua

1115 2536 1187 2598 vide
1210 2538 1262 2598 lits
1283 2537 1320 2598 de
1341 2535 1437 2618 Prop.
1455 2537 1544 2608 Fide,
1568 2539 1633 2600 vol.
1658 2539 1693 2612 l.,
1712 2557 1741 2620 p.
1758 2541 1841 2619 eet).

1154 2629 1266 2691 Datum
1283 2630 1411 2702 Romae,
1430 2633 1512 2709 apud
1530 2631 1561 2694 S.
1576 2631 1718 2706 Petrum,
1736 2635 1796 2696 sub
1811 2652 1863 2696 an-

1116 2723 1191 2785 nulo
1213 2723 1390 2796 Piscatoris,
1415 2725 1466 2786 die
1483 2743 1574 2786 xvnt.
1592 2727 1671 2788 iunii
1694 2743 1861 2800 noemin,

1115 2819 1315 2894 pontificatus
1337 2818 1439 2880 nostri
1461 2835 1544 2880 anno
1567 2836 1633 2882 xxt.

1154 3005 1222 3080 §2
1247 3005 1328 3067 Cum
1354 3013 1474 3078 autem,
1505 3007 1587 3069 sicut
1612 3008 1747 3070 dilectus
1778 3010 1863 3071 dlius

1115 3098 1296 3161 Bernartius
1325 3099 1479 3178 losepbus
1501 3117 1516 3161 a
1538 3101 1609 3164 lesu
1632 3101 1737 3174 llaria,
1766 3102 1863 3166 trater

1114 3207 1267 3270 expresse
1283 3191 1447 3270 protessus
1462 3191 1590 3256 Ordinis
1611 3195 1770 3257 llinoruin
1795 3213 1864 3258 san·

1115 3285 1154 3346 cti
1178 3285 1333 3348 Francisci
1361 3287 1400 3348 de
1431 3283 1637 3348 Obseruantia
1667 3287 1863 3352 Reformato-

1114 3393 1187 3438 rum
1210 3385 1480 3455 nuncupatorum,
1501 3395 1535 3440 ac
1556 3379 1710 3442 carissimi
1726 3381 1758 3442 in
1773 3381 1864 3444 (lbri-

1114 3479 1163 3533 sto
1186 3471 1242 3533 lilii
1265 3471 1367 3533 nostrl
1399 3471 1503 3534 Caroli
1533 3471 1755 3551 Hispaniarum
1778 3476 1863 3554 regis

1114 3565 1260 3628 catholici
1288 3565 1510 3638 concionator,
1545 3583 1672 3629 necnon
1694 3568 1863 3631 tribunalis

1112 3668 1237 3722 sanctae
1259 3658 1478 3736 inquisitionis
1495 3659 1704 3736 qualificator,
1723 3679 1757 3724 ac
1779 3679 1864 3724 com-

1115 3753 1279 3813 missarius
1302 3759 1334 3814 et
1356 3759 1545 3829 procurator
1568 3754 1729 3830 generalis
1751 3755 1783 3816 in
1805 3755 1864 3818 llo-

1116 3863 1206 3908 mana
1228 3845 1322 3908 Curia
1345 3845 1441 3908 totius
1461 3845 1598 3908 lamiliae
1621 3847 1764 3910 eiusdem
1789 3850 1864 3912 'ler-

1114 3957 1167 4002 rae
1190 3937 1332 4011 Sanctae,
1354 3939 1446 4001 nobis
1468 3955 1572 4018 nuper
1595 3943 1711 4019 exponi
1729 3942 1813 4015 lecit,
1831 3945 1863 4006 in

1114 4034 1250 4096 diversis
1271 4033 1435 4095 christiani
1451 4033 1537 4096 orbis
1560 4035 1702 4112 partibus
1717 4036 1863 4116 plerique

1114 4145 1166 4189 res
1189 4135 1220 4190 et
1243 4127 1323 4188 bona
1342 4127 1378 4188 ad
1395 4126 1462 4188 loca
1477 4127 1662 4189 huiusmodi
1677 4132 1861 4206 spectantia,

1114 4238 1178 4284 non
1200 4223 1269 4282 sine
1290 4220 1379 4297 gravi
1401 4221 1580 4281 animarum
1603 4237 1734 4284 suarum
1758 4227 1863 4302 perni-

1113 4317 1160 4377 cie
1189 4332 1222 4377 ac
1251 4315 1430 4377 eorundem
1452 4314 1598 4376 locorum
1622 4315 1749 4390 damno,
1774 4335 1863 4381 occu-

1114 4426 1188 4487 pare
1222 4409 1354 4470 minime
1386 4408 1536 4478 timeant,
1567 4425 1601 4469 ac
1630 4409 1764 4485 proinde
1796 4412 1863 4491 ipse

1113 4503 1294 4565 Bernardus
1310 4501 1473 4580 losepbus,
1490 4518 1554 4578 quo
1570 4503 1728 4582 praelatae
1744 4505 1862 4568 Urbani

1113 4596 1366 4674 praedecessoris
1396 4596 1508 4658 literae
1530 4597 1672 4660 exactius
1694 4600 1733 4660 de
1754 4607 1862 4662 cetero

1113 4689 1344 4760 observentur,
1369 4688 1438 4750 illes
1466 4705 1523 4767 pro
1545 4707 1603 4751 nos
1625 4692 1809 4754 confirmari
1831 4701 1864 4756 et

1111 4783 1258 4844 innovari
1293 4769 1468 4861 plurimum
1494 4784 1680 4847 desideret:
1716 4802 1773 4846 nos
1803 4787 1862 4864 plis

1112 4877 1256 4938 eiusdem
1279 4876 1432 4940 Bernardi
1453 4877 1579 4956 losepbi
1595 4879 1678 4940 votis
1695 4879 1750 4940 bac
1767 4879 1860 4952 inre,

1111 4977 1267 5048 quantum
1301 4986 1373 5032 cum
1406 4971 1541 5033 Domino
1563 4987 1750 5050 possumus,
1775 4973 1863 5034 beni·

1112 5081 1175 5142 gne
1194 5081 1348 5136 annuere,
1366 5065 1537 5142 ipsumque
1559 5065 1757 5128 Bernardum
1780 5065 1863 5128 lose-

1111 5159 1212 5237 pbutn
1228 5158 1418 5237 specialibus
1439 5158 1601 5220 lavoribus
1618 5167 1650 5221 et
1665 5160 1775 5237 gratiis
1791 5174 1862 5238 pro-

1111 5253 1203 5330 sequi
1215 5252 1373 5324 volentes,
1388 5261 1420 5314 et
1431 5270 1446 5314 a
1459 5254 1626 5329 quibusvis
1642 5255 1862 5315 excommuni-

1111 5345 1254 5416 cationis,
1265 5346 1485 5422 suspensionis
1501 5353 1533 5407 et
1544 5347 1716 5418 interdicti,
1728 5347 1862 5423 aliisque

1111 5439 1331 5502 ecclesiasticis
1347 5439 1526 5510 sententiis,
1544 5441 1688 5501 censuris
1704 5448 1736 5502 et
1752 5441 1862 5518 poenis

1111 5533 1220 5597 aiore
1248 5534 1301 5596 vel
1323 5535 1360 5595 ab
1390 5534 1533 5607 bomine,
1561 5534 1673 5611 quavis
1700 5535 1862 5597 occasione

1112 5628 1164 5690 vel
1189 5645 1291 5701 causa,
1317 5628 1397 5698 latis,
1422 5628 1588 5704 siquibus
1621 5627 1863 5705 quomodolibet

1083 5734 1085 5803 p
1112 5721 1281 5783 innodatus
1295 5721 1411 5794 existit,
1426 5721 1462 5783 ad
1479 5721 1627 5784 ellectum
1643 5724 1860 5799 praesentium

308 5816 484 5886 occasione,
502 5813 582 5892 apud
604 5830 639 5875 se
661 5813 803 5875 retinere
822 5814 979 5876 auderent
1001 5831 1057 5877 seu
1083 5806 1086 5876 l
1112 5815 1276 5878 dumtaxat
1291 5816 1567 5891 consequendum,
1582 5814 1695 5877 barum
1713 5816 1797 5877 serie
1812 5816 1863 5876 ab·

353 6033 381 6084 tlt
398 6031 432 6074 ltx
447 6029 508 6074 Teb.
523 6033 614 6084 congr.
632 6029 694 6073 Vide
710 6029 780 6085 Supl.
796 6031 852 6073 lun.
867 6031 908 6072 xl.
926 6032 1033 6084 Experti
1049 6033 1130 6075 nobis.

1916 3025 2058 3070 Concessio.
