4814 6998
563 545 624 612 Edd

540 703 637 740 στασιν
663 684 778 762 νεκρῶν,
802 681 848 738 καὶ
872 679 950 753 ζωήν
972 683 1022 738 τοῦ
1046 679 1197 757 μέλλοντος
1227 675 1296 734 αἰῶ-

541 798 595 840 νος.
615 773 726 851 Ἀμῆν.

571 868 638 927 Ἔτι
661 867 787 928 πιστεύω
809 869 855 943 καὶ
880 867 1058 949 αποδέχομαι
1086 867 1132 924 καὶ
1161 861 1292 944 ὁμολογῶ

539 961 681 1030 πέντατιὶ
699 959 755 1020 ύπδ
773 964 825 1037 τῆς
846 964 922 1042 ἱεραῖς
942 960 1141 1039 οίκουμενικῆς
1166 959 1196 1016 ἐν
1220 959 1295 1016 Φλο-

539 1059 634 1135 ρεντίμ
663 1055 787 1113 Συνύδου
810 1058 874 1136 περί
897 1058 950 1129 τῆς
972 1056 1086 1128 δυτικῆς
1103 1077 1132 1112 τε
1157 1056 1202 1111 καὶ
1228 1050 1295 1110 ιίνα-

539 1149 654 1215 τολικῦς
679 1149 851 1223 ’Πκκλησίας
877 1145 1004 1213 ε’νιύσεως
1027 1143 1176 1228 ὁρισθέντα
1191 1170 1220 1204 τε
1245 1147 1292 1204 καὶ

539 1241 713 1316 δηλωθέντα,
736 1239 836 1321 ῆγουν,
861 1237 906 1299 δτι
929 1243 962 1300 τὸ
988 1243 1109 1318 Πνεῦμα
1131 1239 1163 1298 τό
1192 1233 1293 1316 ”Αγιον

542 1333 575 1392 ἐκ
595 1339 646 1392 τοῦ
670 1337 783 1414 Πατρός
801 1337 912 1394 καὶτοῦ
931 1337 1003 1392 Υίοῦ
1027 1333 1122 1398 αίϊδίως
1148 1332 1219 1390 ἐστί·
1246 1331 1293 1388 καὶ

539 1427 593 1502 τῆν
617 1424 722 1486 ἑαυτοῦ
743 1427 841 1486 ούσίαν
868 1429 915 1486 καί
937 1427 970 1485 τὸ
997 1423 1171 1506 ύπαρκτικὸν
1204 1423 1293 1482 αὐτοῦ

541 1513 612 1579 εἶναι
638 1519 701 1602 ἔχει
727 1520 761 1580 ἐκ
782 1523 833 1580 τοῦ
856 1520 971 1600 Πατρός
994 1515 1054 1598 ἅμα
1076 1521 1189 1578 καὶτοῦ
1205 1521 1290 1576 tton-

540 1616 587 1672 καὶ
612 1613 641 1686 ἐξ
665 1613 832 1697 έμροτέρων
856 1613 969 1684 αἰϊδίως,
985 1611 1021 1679 n‘rg
1038 1613 1094 1672 θπθ
1111 1616 1177 1691 prat:
1202 1611 1293 1692 ii'lj'ii

540 1709 587 1765 καί
612 1711 763 1785 μοναδικῆς
786 1711 924 1790 προβολῆς
950 1707 1148 1788 ἐκπορεύεται·
1176 1706 1294 1782 ἔπειδῆ-

541 1824 594 1882 περ
616 1795 633 1859 δ’
656 1804 681 1860 oi
707 1797 804 1882 Ἰιλγιοι
829 1801 999 1860 Διδιίσκαλοι
1024 1802 1069 1860 καὶ
1093 1801 1234 1881 Πατέρες,
1260 1799 1294 1858 ἑκ

540 1897 591 1952 τοῦ
607 1895 719 1976 Πατρός
735 1897 780 1954 διαί
796 1899 847 1953 τοῦ
868 1899 938 1953 λ’ίοῦ
953 1895 986 1954 τὸ
1006 1897 1125 1973 Πνεῦμα
1140 1895 1173 1954 τὸ
1192 1891 1293 1974 “Apros

544 1985 746 2068 ἐκπορεύεσθαι
775 1988 920 2067 λέγουσιν,
944 1987 982 2054 είς
1004 1987 1114 2062 ταύτην
1136 1987 1215 2070 ρέρει
1239 1987 1294 2062 τῆν

543 2077 661 2150 ἔννοιαν,
684 2076 756 2139 ῶστε
780 2081 825 2140 διτὶ
849 2081 957 2140 τούτων
985 2083 1137 2156 δηλοῦσθαι
1168 2082 1214 2138 καί
1242 2084 1294 2139 τὸν

541 2174 614 2232 Υίὸν
641 2167 712 2234 εἶναι
741 2175 813 2234 κατέ
843 2175 898 2254 μέν
927 2175 991 2240 τούς
1022 2175 1159 2256 Γραικοιίς
1190 2173 1291 2244 αἰτίαν,

540 2269 613 2326 κατα
635 2269 665 2326 δὲ
689 2269 755 2334 τοῦς
770 2271 906 2335 Λατίνους
931 2269 1025 2350 αρχῆν
1047 2273 1099 2344 τῆς
1122 2273 1172 2327 τοῦ
1193 2265 1292 2348 Ἀγίου

543 2361 706 2438 Πνεύματος
730 2359 891 2444 ύπέρξεως,
915 2358 1008 2443 ῶσπερ
1030 2363 1144 2421 καὶτὸν
1161 2362 1291 2443 Πατέρα·

540 2455 586 2511 καὶ
612 2453 675 2513 ἐπεὶ
698 2456 790 2516 πέντα
813 2451 867 2515 ῦσα
892 2455 952 2515 ε’στὶ
975 2461 1027 2515 τοῦ
1051 2456 1181 2536 Πατρδς,
1206 2456 1293 2521 αὐτὸς

540 2545 555 2605 ὁ
574 2549 676 2630 Πατήρ
691 2553 731 2629 τῷ
745 2557 894 2630 μονογενεῖ
910 2550 998 2610 αὐτοῦ
1016 2554 1077 2631 lidi
1095 2550 1124 2608 ἐν
1140 2553 1179 2630 τῷ
1193 2553 1293 2629 γεννᾷίν

540 2641 659 2710 δέδωκε,
682 2644 760 2718 πλην
781 2647 831 2702 τοῦ
855 2637 926 2703 εἶναι
957 2646 1089 2724 Πατέρα,
1112 2648 1196 2702 τοῦτο
1220 2644 1291 2702 αὐτὸ

541 2729 585 2792 ὅτι
607 2736 640 2794 τὸ
665 2739 786 2814 Πνεῦμα
807 2737 840 2796 τὸ
868 2734 970 2817 ’Ἃγιον
988 2738 1086 2798 έκτοῦ
1110 2741 1182 2797 ilud
1210 2737 1295 2797 ε’κπο-

540 2829 666 2909 ρεύεται,
684 2831 771 2896 αὐτὸς
788 2829 802 2890 ὁ
822 2833 891 2898 Υἱὸς
908 2834 984 2914 παριί
1000 2837 1051 2892 τοῦ
1068 2834 1180 2912 Πατρός
1198 2831 1293 2898 αἰϊδίως

543 2921 619 3003 ἔχει,
648 2923 740 3008 α’φόιί
765 2925 860 2993 αϊδίως
883 2930 930 2986 καὶ
952 2928 1136 3007 γεγέννηται·
1166 2928 1212 2986 καὶ
1239 2927 1293 3002 τῆν

539 3022 594 3075 τῶν
617 3015 756 3100 ῥημέτων
785 3019 901 3080 ἐκείνων
925 3021 1087 3093 ιἰνιίπτυὶιν,
1111 3023 1166 3097 τῆν
1189 3023 1235 3080 καὶ
1261 3019 1295 3078 ἐκ

540 3114 591 3168 τοῦ
616 3113 701 3183 Υίοῦ,
724 3113 809 3194 χαίριν
824 3118 875 3172 τοῦ
890 3114 945 3190 τῆν
961 3114 1099 3190 αίλῆθτιαν
1120 3117 1295 3197 σαρηνισθῆ-

541 3227 598 3275 ναι,
615 3207 661 3264 καὶ
677 3205 803 3286 α’νιίγκης
819 3209 885 3266 τότε
906 3208 1108 3288 ἐπικειμένης,
1128 3212 1247 3287 θεμιτῶς
1262 3231 1293 3266 τε

544 3299 590 3356 καὶ
613 3297 740 3379 εὐλόγως
765 3298 795 3358 έν
816 3305 856 3382 τῷ
877 3303 1009 3382 συμβόλῳ
1032 3305 1231 3382 προστεθῆναι,

575 3389 641 3451 ”Eut
667 3392 697 3452 ἐν
719 3393 821 3476 οίζύμιρ
843 3393 865 3473 ῆ
890 3395 1001 3478 ἐνζύμιρ
1032 3394 1107 3478 οίρτιρ
1136 3399 1230 3478 σιτίνιρ
1259 3397 1291 3455 τὸ

541 3489 592 3542 τοῦ
615 3488 738 3568 Χριστοῦ
760 3493 841 3567 σῶμα
863 3491 1007 3550 τελεῖσθαι
1031 3489 1154 3566 α’ληθῶς·
1178 3491 1242 3555 τούς
1263 3514 1293 3548 τε

542 3580 629 3660 ἱερεῖς
655 3579 685 3638 ἐν
705 3582 816 3664 θατέριρ
847 3583 917 3642 αὐτὸ
942 3584 975 3642 τύ
1000 3588 1082 3662 σῶμα
1109 3587 1159 3642 τοῦ
1189 3587 1294 3665 Κυρίου

543 3671 669 3755 ὀφείλειν
694 3676 804 3746 τελεῖν,
837 3672 954 3736 ’ἕκαστον
983 3678 1114 3753 δηλονότι
1144 3677 1216 3735 καταί
1240 3676 1295 3753 τῆν

542 3770 595 3842 τῆς
618 3765 686 3834 ίδίας
714 3767 903 3844 Ἐκκλησίας,
929 3771 985 3830 ε’ίτε
1010 3773 1124 3846 δυτικῆς
1147 3771 1204 3828 ε’ίτε
1230 3769 1298 3828 ιἰνα-

541 3862 674 3938 τολικῆς,
699 3863 861 3940 συνήθειαν.

576 3952 642 4013 Ἔτι
671 3954 724 4014 εἰδν
745 3959 771 4014 οί
795 3956 906 4034 ἀληθῶς
934 3959 1159 4038 μετανοῆσαντες
1189 3956 1298 4016 uinciti-

542 4073 624 4108 νωσιν
641 4049 672 4109 ἐν
686 4056 725 4135 τῇ
739 4055 791 4110 τοῦ
807 4054 884 4112 Θεοῦ
902 4051 1018 4136 ιίγοίπῃ,
1042 4054 1106 4135 πρὶν
1127 4058 1186 4118 τοῖς
1210 4051 1295 4122 ιἰξίοις

541 4147 594 4220 τῆς
616 4148 765 4222 μετανοίας
787 4152 905 4226 καρποῖς
931 4148 1129 4223 ίκανοποιῆσαι
1153 4147 1217 4226 περὶ
1240 4149 1295 4202 τῶν

542 4235 757 4320 ’ἡμαρτημένων
776 4236 849 4317 ὁμοῦ
873 4241 920 4300 καί
942 4240 1148 4319 ῆμελημένων,
1164 4242 1214 4304 τοίς
1230 4239 1298 4297 τού-

542 4355 598 4391 των
620 4333 714 4414 ψυχας
738 4337 919 4416 καθαρτικοῖς
941 4337 1087 4417 τιμωρίαις
1117 4335 1294 4414 καθαίρεσθαι

542 4425 616 4502 μετιί
646 4425 775 4485 θένατον·
799 4423 870 4486 ὥστε
893 4426 923 4484 δέ
950 4427 1183 4510 αἰποκουρίζεσθαι
1207 4425 1295 4490 αύτοίς

542 4523 597 4576 τῶν
618 4519 754 4578 τοιούτων
775 4525 928 4602 τιμωριῶν,
951 4523 1113 4580 λυσιτελεῖν
1128 4519 1229 4586 αὐταῖς
1245 4519 1295 4584 τοίς

542 4616 598 4671 τῶν
620 4612 730 4680 ζύντων
752 4618 857 4673 πιστῶν
882 4614 1058 4696 ἐπικουρίας,
1086 4614 1216 4690 δηλονότι
1244 4615 1295 4678 ταῖς

543 4707 620 4788 ἱερὰς
643 4709 752 4778 θυσίας,
769 4709 815 4766 καὶ
833 4707 940 4789 εύχοὶς,
956 4710 1003 4767 καὶ
1022 4707 1231 4785 ἐλεημοσύνας,
1249 4707 1295 4766 καὶ

543 4799 634 4858 τιίλλα
655 4807 708 4878 τῆς
731 4799 876 4880 εὐσεβείας
902 4802 982 4884 ἔργα,
1010 4799 1103 4860 ίίτινα
1133 4801 1209 4883 παρα
1239 4804 1296 4858 τῶν

542 4897 648 4953 πιστῶν
666 4891 739 4977 ύπέρ
757 4893 851 4954 ι’ίλλων
866 4900 971 4955 πιστῶν
987 4897 1066 4953 εἴωθε
1084 4897 1205 4974 γίνεσθαι
1222 4894 1294 4953 κατα

541 4989 577 5046 ταί
595 4992 647 5064 τῆς
666 4988 839 5065 Ἐκκλησίας
855 4989 1044 5069 διατύγματα·
1066 4988 1181 5047 ἐκείνων
1197 4989 1225 5046 δὲ
1244 4989 1295 5053 ταὶς

542 5082 655 5165 ψυχας,
678 5081 790 5148 οἵτινες
812 5084 885 5160 μετιί
909 5083 942 5142 τδ
968 5084 1153 5159 βαπτισθῆναι
1176 5081 1295 5160 οὐδεμιᾷ

543 5172 616 5242 δ’λως
631 5179 683 5252 τῆς
701 5173 837 5255 ἁμαρτίας
860 5177 956 5252 κηλῖδα
974 5173 1130 5246 ὑπέπεσον,
1147 5171 1166 5252 ῆ
1186 5175 1228 5234 ἔτι
1245 5175 1295 5240 τας

542 5269 615 5347 μεταὶ
638 5271 671 5328 τὸ
699 5268 904 5352 ε”ρελκύσασθαι
927 5269 983 5346 τῆν
1003 5273 1056 5345 τῆς
1080 5267 1217 5350 αίμαρτίας
1245 5291 1297 5343 κη-

541 5365 618 5439 λῖδα,
643 5365 701 5422 είτε
727 5362 757 5422 έν
778 5369 838 5430 τοῖς
861 5365 956 5422 αὐτῶν
978 5364 1103 5442 σώμασιν
1133 5364 1190 5422 είτε
1220 5363 1294 5441 μετοί

541 5457 574 5515 τὸ
605 5457 641 5516 ταὶ
673 5457 790 5535 στύματα
821 5456 1028 5528 ἀποδύσασθαι,
1052 5455 1088 5523 ῶς
1116 5458 1294 5538 προείρηται,

542 5553 738 5632 καθαρθείσας,
763 5550 801 5617 είς
824 5551 944 5631 ούρανὸν
971 5551 1053 5617 εὐθύς
1084 5550 1297 5633 προσλαμβένε-

543 5648 617 5716 σθαι,
640 5647 686 5704 καὶ
710 5649 833 5727 καθαρῶς
854 5648 973 5726 θεωρεῖν
996 5645 1085 5705 αὐτὸν
1107 5646 1158 5705 τὸν
1176 5641 1225 5704 ἕνα
1248 5647 1295 5704 καί

541 5739 763 5820 τρισυπύστατον
778 5739 857 5798 Θεὸν
873 5738 960 5804 καθιείς
979 5738 1067 5809 ἐστιν,
1087 5735 1182 5820 ’έτερον
1196 5738 1294 5818 μέντοι

544 5829 643 5913 ἑτέρου
666 5833 838 5913 τελειότερον
863 5833 937 5891 κατιί
960 5833 1015 5908 τῆν
1037 5837 1091 5891 τῶν
1113 5831 1295 5910 βεβιωμένων

544 5925 633 6000 οίξίαν·
656 5928 706 5992 ταὶς
728 5926 758 5984 δέ
784 5929 879 6010 ψυχας
895 5931 950 5986 τῶν
968 5925 998 5986 έν
1012 5931 1050 6012 τῆ
1073 5927 1133 5985 κατ’
1150 5925 1295 6005 ἐνέργειαν

1071 557 1221 608 ronlnna
1244 561 1467 611 rnornssmms
1487 563 1574 612 ElEEi

1349 689 1482 760 expecto
1494 683 1767 746 resurrectionem
1780 692 1997 758 mortuorum,
2011 693 2044 747 et
2055 683 2100 746 ri-

1350 782 1413 836 tam
1436 777 1567 838 venturi
1588 777 1718 841 saeculi.
1742 778 1857 840 limen.

1388 868 1492 932 Credo
1514 871 1622 945 etiam,
1646 872 1795 950 suscipio,
1824 878 1919 950 atque
1946 875 2100 952 profiteor

1350 977 1385 1024 ea
1414 963 1537 1036 omnia,
1566 980 1647 1042 qnae
1674 981 1760 1027 sacra
1788 967 1991 1029 oecumenica
2021 967 2101 1046 Syn-

1350 1057 1429 1118 odns
1446 1057 1628 1120 Florentino
1643 1075 1742 1137 snper
1756 1061 1877 1122 unione
1891 1059 2101 1124 Occidentalis

1350 1158 1382 1212 et
1402 1148 1570 1213 orientalis
1593 1153 1751 1215 Ecclesiae
1774 1155 1931 1227 definivit,
1949 1162 1980 1216 et
1999 1155 2100 1218 decla-

1349 1244 1441 1316 ravit,
1466 1245 1633 1308 videlicet:
1657 1247 1743 1324 quod
1761 1245 1896 1324 Spiritus
1914 1247 2046 1310 Sanctus
2061 1265 2100 1310 ex

1350 1336 1441 1399 Patre
1463 1345 1496 1400 et
1517 1339 1596 1401 Eiliu
1617 1341 1823 1404 aeternaliter
1845 1349 1911 1418 est;
1935 1351 1968 1404 et
1994 1359 2101 1405 essen-

1350 1430 1425 1492 tiam
1446 1449 1534 1494 suam
1565 1449 1726 1510 suumque
1755 1451 1826 1497 esse
1848 1435 2024 1498 subsistens
2047 1436 2120 1496 lra-.

1350 1523 1404 1586 iret
1425 1541 1465 1586 ex
1488 1526 1579 1588 Patre
1601 1527 1698 1588 simul
1720 1535 1753 1589 et
1773 1527 1872 1603 Eilio;
1895 1535 1928 1591 οι
1949 1544 1988 1590 cx
2012 1535 2100 1590 ntro-

1350 1632 1414 1694 que
1435 1619 1651 1692 aeternaliter,
1677 1627 1835 1698 tamquam
1859 1621 1897 1682 ab
1926 1637 1992 1683 uno
2015 1621 2101 1698 prin-

1350 1711 1431 1789 cipio
1453 1719 1486 1774 et
1506 1714 1599 1776 unica
1620 1713 1805 1792 spiratione,
1834 1715 1997 1792 procedit;
2026 1731 2100 1776 cnm

1349 1805 1379 1866 id
1403 1807 1487 1882 qnod
1510 1807 1609 1870 sancti
1632 1808 1784 1870 Doctores
1807 1815 1839 1870 et
1853 1809 1962 1870 Patres
1977 1809 2098 1882 dicunt,

1350 1914 1389 1959 ex
1412 1899 1504 1982 Patre
1527 1915 1583 1977 per
1605 1899 1721 1962 Filium
1745 1902 1921 1980 procedere
1944 1901 2098 1980 Spiritum

1351 1991 1513 2066 Sanctum,
1536 1994 1572 2054 ad
1598 1994 1678 2056 nanc
1700 1994 1948 2072 intelligentiam
1979 1995 2099 2066 tendat,

1350 2094 1385 2147 nt
1407 2101 1464 2164 per
1493 2087 1552 2148 troc
1582 2087 1794 2168 significetpr,
1825 2089 1941 2151 Filium
1970 2105 2101 2166 qnoque

1350 2195 1431 2252 esse,
1456 2182 1632 2242 secundum
1649 2180 1784 2245 Graecos
1800 2184 1943 2260 quidem,
1960 2199 2100 2254 cansam,

1350 2273 1527 2336 secundum
1551 2273 1679 2336 Latinus
1702 2291 1793 2348 vero,
1817 2276 2009 2354 principium
2026 2276 2103 2338 sul)-

1349 2367 1512 2429 sistentiae
1528 2367 1666 2446 Spiritus
1682 2369 1799 2442 Sancti,
1817 2371 1899 2432 sicut
1914 2377 1946 2432 et
1961 2371 2101 2445 Patrem;

1350 2475 1489 2538 cumque
1522 2465 1628 2524 omnia
1661 2479 1742 2541 qnae
1775 2464 1874 2526 Patris
1906 2471 1999 2536 sunt,
2032 2464 2102 2542 ipse

1350 2555 1441 2617 Pater
1462 2556 1632 2632 unigenito
1657 2557 1738 2618 Eilio
1766 2573 1825 2619 suo
1854 2558 2017 2634 gignendo
2047 2558 2102 2618 de-

1350 2649 1444 2721 derit,
1474 2658 1601 2727 praeter
1630 2667 1701 2712 esse
1732 2651 1874 2724 Patrem,
1904 2652 1965 2714 hoc
1992 2651 2100 2728 ipsunt

1350 2743 1433 2818 quod
1458 2741 1594 2820 Spiritus
1617 2741 1750 2806 Sanctus
1780 2745 1923 2822 procedit
1944 2761 1985 2807 ex
2006 2744 2100 2818 Eilio,

1349 2835 1417 2913 ipse
1439 2835 1538 2898 Filius
1560 2853 1576 2897 a
1598 2837 1690 2899 Patre
1711 2839 1918 2900 aeternaliter
1934 2839 2027 2901 etiam
2045 2855 2101 2916 ge-

1350 2931 1436 2991 nitus
1470 2937 1529 2993 est.
1564 2930 1719 3008 illamque
1753 2931 1931 2994 verborum
1965 2932 2100 2995 illorum

1350 3021 1493 3102 Filioque
1523 3024 1790 3102 explicationem,
1824 3026 1969 3088 veritatis
1997 3027 2102 3088 decla-

1351 3117 1466 3179 randae
1489 3119 1599 3194 gratia,
1623 3124 1655 3179 et
1676 3118 1867 3181 imminente
1894 3126 1969 3180 tnnc
1990 3136 2102 3182 neces-

1350 3211 1463 3282 sitate,
1498 3211 1583 3273 licite
1615 3227 1649 3274 ac
1682 3212 1912 3275 rationabiliter
1944 3212 2103 3292 Symbolo

1349 3303 1449 3366 inisse
1471 3304 1655 3383 appositam.
1959 3367 1962 3372 .

1391 3398 1482 3470 item,
1506 3399 1537 3460 in
1560 3415 1674 3477 azymo
1701 3400 1770 3461 sive
1800 3399 1993 3464 termentato
2018 3416 2103 3479 pane

1352 3491 1477 3553 triticeo
1498 3491 1623 3570 Corpus
1644 3491 1764 3556 Christi
1785 3494 1944 3556 veraciter
1965 3495 2102 3570 coniici;

1351 3585 1599 3662 sacerdotesque
1630 3585 1664 3647 in
1694 3585 1797 3648 altero
1832 3587 1936 3666 ipsum
1973 3587 2104 3650 Domini

1351 3694 1468 3758 corpus
1490 3679 1650 3741 corrflcere
1672 3679 1807 3752 debere,
1831 3695 2104 3758 unumquemque

1352 3772 1472 3836 scilicet
1499 3773 1587 3835 iuxta
1616 3789 1692 3834 snae
1720 3773 1894 3848 Ecclesiae,
1926 3777 1993 3838 sire
2015 3773 2103 3838 Occi-

1351 3867 1486 3929 dentalis
1515 3869 1583 3929 sive
1611 3864 1796 3940 (trienniis,
1819 3869 2102 3932 consuetudinem.

1391 3959 1484 4034 ltem,
1508 3961 1634 4023 slvere
1662 3961 1865 4040 poenitentes
1891 3963 1924 4024 in
1945 3963 2001 4024 liei
2024 3963 2106 4026 cari-

1352 4061 1415 4118 tate
1438 4055 1645 4129 decesserint,
1667 4062 1839 4133 anteqnam
1865 4055 1971 4134 dignis
1994 4057 2105 4136 poeni-

1353 4149 1470 4212 tentiae
1492 4148 1650 4211 lructilrus
1672 4150 1712 4212 de
1733 4149 1912 4212 commissis
1942 4150 2103 4213 satislece·

1352 4243 1417 4308 rint
1432 4249 1464 4304 et
1479 4242 1617 4315 omissis,
1634 4259 1748 4304 eorum
1764 4243 1884 4304 animas
1900 4243 2011 4322 poenis
2026 4259 2102 4322 pur·

1353 4335 1482 4412 gatoriis
1512 4343 1583 4414 post
1611 4343 1749 4398 mortem
1780 4337 1932 4416 pnrgari3
1963 4343 2005 4408 et,
2028 4343 2102 4398 uta

1353 4429 1464 4508 poenis
1495 4429 1680 4492 huiusmodi
1711 4429 1917 4501 releventur,
1948 4429 2103 4507 prodesse

1352 4522 1396 4583 eis
1418 4523 1563 4585 fidelium
1584 4524 1734 4586 virorum
1751 4523 1912 4600 sotiragia,
1930 4523 2101 4584 missarum

1352 4617 1473 4679 scilicet
1499 4617 1661 4688 sacrificia,
1685 4617 1846 4678 orationes
1868 4623 1900 4677 et
1922 4615 2102 4695 eleemosy-

1353 4727 1419 4782 nas,
1443 4717 1475 4774 et
1496 4709 1554 4771 alia
1577 4709 1701 4789 pietatis
1724 4709 1835 4781 odicia,
1859 4724 1939 4787 quae
1961 4726 1977 4770 a
2001 4709 2102 4771 ildeli-

1352 4803 1411 4865 bus
1433 4820 1492 4882 pro
1513 4803 1582 4865 aliis
1604 4802 1752 4865 fidelibus
1775 4803 1847 4865 lieri
1862 4811 2105 4866 consueverunt

1352 4897 1529 4960 secundum
1552 4896 1711 4959 Ecclesiae
1729 4897 1884 4958 instituta.
1901 4895 2102 4973 illorumque

1353 4990 1484 5062 animas,
1498 4991 1552 5068 qui
1568 4997 1641 5069 post
1654 4989 1813 5069 Baptisma
1828 4996 2014 5068 susceptum
2032 4989 2103 5052 nul·

1352 5085 1414 5146 lam
1431 5084 1563 5146 omnino
1576 5085 1694 5163 pcccati
1710 5085 1866 5148 maculam
1879 5085 2099 5156 incurrerunt,

1352 5177 1422 5239 illas
1445 5177 1552 5250 etiam,
1576 5193 1657 5255 quae
1681 5185 1752 5258 post
1773 5185 1966 5240 contractam
1984 5177 2103 5255 peccati

1353 5272 1522 5347 maculam,
1538 5271 1592 5334 vel
1613 5273 1646 5334 in
1669 5273 1735 5334 suis
1756 5271 1956 5350 corporibus,
1972 5271 2026 5333 vel
2043 5269 2103 5333 eis-

1352 5365 1425 5427 dem
1449 5372 1564 5428 exutae
1593 5365 1798 5444 corporibus,
1831 5371 1926 5442 prout
1952 5364 2103 5443 superius

1352 5458 1472 5522 dictum
1489 5466 1548 5531 est,
1562 5465 1638 5520 sunt
1653 5463 1815 5537 purgatae,
1833 5457 1864 5520 in
1882 5457 2009 5520 coelum
2025 5471 2101 5519 mox

1352 5551 1451 5631 recipi
1473 5559 1506 5614 et
1526 5552 1647 5614 intueri
1669 5551 1752 5614 clare
1779 5551 1885 5628 ipsum
1908 5549 2009 5612 Deum
2033 5547 2100 5609 Tri-

1353 5661 1432 5708 nnm
1455 5651 1487 5706 et
1507 5643 1615 5706 Unum
1637 5643 1729 5706 sicuti
1752 5649 1811 5714 est,
1830 5659 1888 5721 pro
1909 5641 2100 5704 moritorum

1353 5745 1460 5800 tamen
1490 5737 1686 5810 diversitate,
1709 5737 1806 5799 alium
1830 5734 1892 5797 alio
1914 5733 2098 5814 periectius.

1352 5831 1485 5893 lllorom
1502 5837 1609 5894 autem
1625 5831 1755 5902 animas,
1770 5829 1825 5906 qui
1840 5829 1872 5889 in
1887 5827 1998 5889 actuali
2015 5843 2098 5889 mor-

1352 5925 1406 5987 tali
1433 5933 1559 6002 peccato
1582 5925 1634 5986 vel
1657 5924 1726 5986 solo
1755 5922 1902 6001 originali
1931 5922 2101 5996 decedunt,
