4756 6994
911 613 1055 660 cubueris
1076 615 1127 662 ΡΡ.
1152 614 1209 661 111.

285 729 356 791 dam
374 746 466 794 suam
487 731 618 794 filialem
640 748 674 794 ac
689 731 846 794 sinceram
865 746 940 809 erga
957 730 1032 794 San·

285 829 366 884 ctam
387 822 603 901 Apostolicam
626 823 760 896 Sedem,
785 840 930 886 necnon
956 841 1032 904 erga

286 914 495 979 Summorum
523 917 712 980 Pontificum
735 916 980 980 constitutiones
1000 926 1033 981 et

285 1009 423 1082 decreta,
448 1011 696 1084 observantiam,
726 1011 977 1073 submissionem
1001 1018 1033 1074 et

286 1103 511 1176 obedientiam,
529 1105 568 1166 de
591 1105 738 1167 mandato
761 1104 951 1166 eorumdem
967 1105 1029 1168 lttt.

286 1195 341 1256 PP.
365 1196 427 1258 bb.
452 1196 651 1260 vicariorum
675 1197 933 1276 Apostolicorum
961 1214 1029 1259 vrn.

287 1289 355 1350 idus
376 1289 445 1351 iulii
467 1291 541 1352 anni
557 1305 762 1352 unccrxxur.
780 1290 877 1364 edito,
894 1290 1032 1352 subscri-

287 1391 420 1461 pserunt
441 1382 599 1446 formulae
616 1385 736 1446 tenoris
752 1384 928 1461 sequentis·
944 1384 1030 1446 vide-

266 1541 268 1544 .
285 1477 370 1540 licet:
385 1478 484 1555 -Ego
499 1477 565 1540 NN.
579 1477 860 1540 constitutionibus
876 1476 908 1540 S.
922 1478 967 1539 Pii
978 1477 1029 1551 v.,

285 1571 431 1648 Gregorii
461 1571 539 1634 lllll.
570 1579 602 1634 el
634 1571 753 1634 Urbani
782 1571 860 1634 Vlll.
889 1587 1031 1632 summo-

285 1681 357 1726 rum
378 1665 570 1728 Pontificum
592 1675 702 1727 contra
734 1665 968 1744 propositiones
997 1666 1029 1726 in

284 1759 356 1822 Baio
371 1759 544 1830 damnatas,
562 1776 622 1822 nec
637 1775 701 1822 non
716 1758 936 1822 constitutioni
958 1773 1031 1836 apo-

283 1853 411 1915 stolicae
426 1853 603 1915 innocentii
615 1853 666 1926 x„
684 1854 773 1915 datae
789 1852 840 1914 die
853 1869 942 1914 xxxv.
957 1852 1029 1913 maii

283 1962 430 2020 nocuus„
455 1948 674 2010 constitutioni
697 1946 867 2009 Alexandri
885 1946 962 2018 Vll,
980 1945 1030 2008 da-

285 2049 331 2102 tae
353 2042 404 2104 die
427 2042 858 2114 xr1.0ct0brisuocuv1.,ac
878 2039 1029 2102 brevibus

283 2134 459 2198 iunocentii
490 2135 578 2207 llll.,'
604 2136 682 2198 datis
715 2135 766 2198 die
799 2151 841 2198 vr.
876 2133 1029 2196 februarii

283 2235 482 2290 abercinei
497 2229 547 2292 die
565 2245 652 2290 xxiv.
668 2228 854 2290 novembris
873 2242 1026 2288 uocncvr.

283 2322 318 2384 ad
349 2321 521 2400 Episcopos
553 2322 673 2400 Belgii.
700 2323 778 2385 item
807 2321 1027 2384 constitutioni

283 2415 437 2487 eiusdem,
451 2417 502 2478 die
514 2433 570 2478 xvv.
585 2416 690 2478 martii
702 2432 857 2478 ubcxcrx.
872 2421 980 2477 contra
992 2415 1028 2476 li-

282 2509 375 2572 brum
390 2509 580 2588 inscriptum
594 2508 936 2573 umenecessitatis
952 2515 1025 2581 etc,

282 2619 339 2664 nec
352 2619 418 2666 non
434 2604 656 2665 constitutioni
668 2603 843 2666 Clementis
856 2602 920 2675 xl,
938 2603 1027 2664 datae

282 2697 331 2760 die
352 2714 404 2758 xv.
429 2697 499 2760 iulii
513 2713 632 2760 uoccv.
650 2714 702 2760 mc
725 2697 869 2770 sublicio,
887 2703 919 2760 et
935 2697 1026 2774 quin-

282 2806 343 2868 que
365 2791 599 2869 propositiones
622 2807 662 2853 ex
677 2791 818 2854 Cornelii
833 2789 970 2852 lansenii
991 2790 1027 2851 li-

282 2882 349 2954 bro,
382 2885 433 2946 cui
465 2899 584 2946 nomen
611 2883 824 2962 Augustinus,
847 2890 1024 2962 excerptas,

282 2977 374 3038 etiam
390 2977 423 3038 in
442 2993 540 3040 sensu
559 2977 597 3040 ab
613 2977 727 3038 eodem
743 2984 872 3039 auctore
888 2979 1024 3048 intento,

283 3076 375 3148 prout
395 3070 465 3133 illas
487 3086 545 3148 per
567 3071 663 3132 dictas
693 3071 938 3133 constitutiones
972 3069 1026 3132 Se·

281 3164 333 3226 des
355 3162 535 3242 Apostolica
565 3163 737 3238 damnavit,
765 3164 891 3227 sincero
919 3165 1026 3226 auivno

280 3259 388 3320 reticio
416 3274 451 3319 ac
481 3259 612 3320 damno:
646 3259 811 3336 speciatim
843 3274 923 3322 vero
952 3276 1026 3322 cou-

280 3352 436 3421 stitutioni
462 3351 660 3432 Unipcnitus,
684 3370 699 3414 a
721 3353 889 3416 Clemente
906 3353 956 3416 lll.
975 3354 1026 3416 da·

281 3455 328 3509 tae
360 3447 410 3510 die
439 3463 508 3509 rur.
537 3447 731 3525 septembris
758 3448 832 3510 anni
864 3464 1023 3510 uoccxrn.

281 3546 389 3604 contra
423 3549 554 3604 centum
590 3547 623 3603 et
656 3557 753 3604 uuam
790 3541 1025 3620 propositiones

282 3651 319 3696 en
333 3635 417 3697 libro
439 3634 662 3698 llellenionum
678 3635 847 3698 lloralium
869 3635 1024 3698 Paschasii

280 3729 441 3802 Quesnelli
457 3737 634 3806 excerptas,
652 3745 778 3791 necnon
793 3729 942 3791 omnibus
956 3729 1025 3791 aliis

281 3821 370 3886 Sedis
392 3822 590 3901 Apostolieae
605 3822 898 3895 constitutionibus,
916 3824 1026 3886 decre·

282 3917 334 3990 tis,
358 3915 510 3979 brevibus
540 3922 603 3977 tam
633 3922 706 3976 ante
727 3915 930 3978 Clementem
959 3917 1024 3988 Xl.‚

281 4025 374 4088 quam
396 4015 468 4088 post
488 4009 606 4087 ipsum,
624 4009 662 4070 de
679 4010 847 4086 praedictis
871 4011 1024 4082 materiis,

281 4105 331 4167 vel
353 4111 462 4167 contra
495 4103 733 4181 propositiones
755 4103 792 4165 ad
815 4120 922 4166 mores
955 4120 1025 4183 spe-

281 4205 411 4271 ctantes,
429 4197 534 4269 editis,
552 4213 604 4260 me
620 4197 746 4260 sincere
768 4198 912 4270 sublicio,
931 4205 963 4260 et
983 4200 1025 4262 ita

280 4293 433 4370 spondeo,
457 4307 561 4353 voveo
578 4297 610 4353 et
624 4291 707 4353 iuro.
733 4290 783 4354 Sic
805 4308 857 4353 me
874 4292 957 4354 Deus
973 4295 1026 4356 ad-

281 4385 369 4448 iuvet
398 4393 431 4447 et
451 4384 529 4447 haec
560 4391 665 4448 sancta
696 4385 751 4446 Dei
779 4385 962 4464 Evangelia.
986 4420 1024 4434 -

280 4478 412 4552 Verum,
440 4479 500 4540 etsi
525 4478 600 4540 alias
631 4478 743 4540 eadem
767 4478 858 4541 Sacra
883 4479 1025 4558 Congre-

280 4574 362 4651 gatio
384 4573 515 4636 arbitrio
538 4581 570 4634 et
591 4573 781 4651 prudentiae
796 4574 956 4636 dictorum
973 4575 1024 4638 Vi-

279 4667 438 4729 cariorum
474 4665 723 4744 apostolicorum
759 4665 942 4728 facultatem
975 4683 1024 4730 re-

279 4760 372 4837 liquit
393 4759 542 4839 deinceps
571 4759 759 4837 requirendi
782 4760 940 4822 eiusmodi
962 4759 1024 4822 lor-

280 4853 384 4915 mulae
405 4853 676 4932 subscriptionem
701 4853 798 4916 abiis
829 4861 954 4916 tantum
977 4853 1024 4915 lu-

281 4949 358 5010 turis
383 4947 600 5020 missionariis‚
627 4962 708 5024 quos
729 4946 789 5024 ipsi
811 4945 1024 5025 peculiaribus

279 5059 311 5104 ac
333 5041 572 5104 rationabilibus
596 5055 635 5104 ex
650 5040 751 5102 cerasis
766 5041 803 5102 ad
820 5041 849 5102 id
866 5047 1023 5118 praestan-

280 5136 354 5198 dum
376 5135 551 5212 adigendos
574 5134 642 5196 lore
667 5134 859 5212 putaverint,
877 5134 1024 5196 nibilota-

279 5245 354 5292 men
375 5228 482 5291 minus
504 5243 577 5290 cum
598 5226 686 5288 illam
702 5227 873 5289 admodum
896 5227 1022 5300 utilem,

278 5323 343 5385 imo
356 5321 579 5393 necessariam,
590 5321 836 5384 eminentissimi
849 5321 956 5383 Patres
969 5338 1024 5383 no-

278 5417 342 5478 rint
364 5417 401 5479 ad
427 5414 648 5494 repellendam
677 5415 714 5476 ab
737 5415 931 5493 evangelicis
957 5415 1024 5478 illa·

278 5525 350 5570 rum
373 5509 510 5586 partium
539 5505 692 5585 operariis
715 5522 952 5586 quamcumque
977 5509 1023 5571 in·

278 5600 478 5666 obedientiae
504 5600 720 5679 suspicionem
742 5617 776 5662 ac
797 5601 914 5675 labem,
938 5603 1021 5676 ideo,

277 5695 564 5759 nonobstantibus
588 5694 786 5774 praemissis⁹
816 5698 1022 5760 statuendum

277 5806 348 5853 esse
363 5795 571 5862 censuerunt,
585 5789 678 5852 sicuti
694 5803 729 5850 re
745 5791 812 5868 ipsa
827 5796 1021 5865 statuerunt,

277 5884 363 5962 quod
378 5883 511 5946 omnino
526 5883 739 5962 imposterum
758 5883 955 5961 quicumque
976 5901 1022 5947 sa-

240 6009 250 6024 ·
276 5979 389 6042 cerdos
411 5978 480 6040 sive
501 5977 682 6050 saecularis,
699 5976 767 6040 sive
788 5977 948 6056 regularis
970 5994 1022 6040 cu·

1087 732 1218 796 iuslibet
1238 731 1363 796 Ordinis
1385 741 1417 796 et
1438 735 1587 809 instituti,
1614 734 1708 798 etiam
1733 731 1838 796 Socie-

1088 826 1159 888 tatis
1180 826 1272 899 lesu,
1297 827 1351 905 qui
1373 829 1411 891 ad
1432 829 1520 892 illam
1552 829 1680 892 Domini
1708 827 1836 890 vincam

1087 919 1295 982 excolendam
1328 923 1513 996 accesserit,
1538 939 1612 986 cum
1637 922 1779 1001 primum
1801 935 1836 982 se

1088 1013 1339 1090 praesentaverit
1353 1013 1478 1078 vicario
1499 1016 1673 1095 apostolico
1688 1013 1776 1078 illius
1791 1013 1836 1076 di·

1086 1105 1227 1178 strictus,
1251 1106 1283 1168 in
1309 1122 1373 1184 quo
1400 1124 1529 1186 operam
1551 1125 1641 1172 suam
1668 1109 1697 1172 ei
1719 1121 1836 1170 navare

1087 1199 1269 1276 contigerit,
1294 1207 1327 1263 et
1348 1207 1518 1278 antequam
1548 1204 1586 1265 ab
1617 1203 1685 1281 ipso
1708 1200 1836 1264 laculta·

1088 1299 1134 1356 tes
1166 1294 1204 1356 ad
1240 1309 1357 1356 munus
1393 1296 1583 1358 missionarii
1615 1296 1835 1360 exercendum

1086 1386 1232 1464 accipiat,
1256 1403 1362 1448 coram
1385 1387 1441 1450 illo
1467 1389 1520 1451 vel
1552 1405 1659 1452 coram
1687 1389 1768 1462 aliis,
1799 1387 1836 1450 ab

1087 1497 1124 1542 eo
1157 1482 1358 1560 deputandis,
1383 1491 1414 1546 et
1436 1484 1561 1547 duobus
1585 1484 1720 1546 testibus
1746 1497 1836 1561 prae·

1085 1575 1242 1648 sentibus,
1270 1575 1427 1654 praelatae
1449 1577 1608 1642 lormutae
1629 1577 1833 1642 subscribere

1088 1674 1251 1742 teneatur,
1281 1669 1434 1748 idemque
1460 1670 1603 1734 Vicarius
1633 1671 1835 1750 Apostolicus

1085 1767 1191 1823 actum
1221 1762 1404 1825 buiusmodi
1431 1763 1469 1828 ad
1490 1765 1682 1827 antedictam
1709 1762 1834 1826 Sacram

1085 1855 1379 1934 congregationem
1415 1873 1473 1937 per
1505 1858 1687 1921 authentica
1719 1858 1835 1936 scripta

1087 1950 1305 2012 transmittere
1326 1951 1450 2014 debeat.
1474 1951 1630 2026 Quoniam
1646 1967 1736 2024 vero,
1751 1957 1835 2030 post-

1085 2057 1218 2118 eaquam
1248 2044 1385 2122 praelata
1407 2045 1544 2107 lormula
1574 2051 1832 2122 curabatque,

1085 2142 1120 2196 ut
1141 2135 1333 2213 praefertur,
1350 2137 1479 2216 probata
1494 2138 1609 2212 luerat,
1626 2139 1666 2202 de
1685 2137 1833 2201 mandato

1085 2226 1279 2290 Sanctissimi
1298 2230 1425 2292 llomini
1440 2230 1549 2293 Nostri
1563 2230 1739 2293 Clementis
1755 2230 1833 2292 divi-

1084 2337 1122 2382 na
1144 2323 1344 2400 providentia
1367 2324 1423 2386 ΡΡ.
1448 2323 1513 2386 llll.
1537 2342 1554 2386 a
1576 2323 1668 2388 Sacra
1690 2324 1833 2402 Congre-

1084 2415 1210 2491 gatione
1238 2414 1369 2478 Sanctae
1401 2416 1560 2479 Romanae
1582 2426 1614 2480 et
1635 2416 1832 2480 Universalis

1082 2507 1299 2584 inquisitionis
1323 2510 1474 2587 probibiti
1497 2517 1530 2572 et
1543 2511 1682 2573 damnati
1700 2511 1833 2574 luerunt

1083 2601 1211 2677 quidam
1233 2601 1307 2664 libri
1329 2602 1451 2680 anglica
1473 2603 1583 2682 lingua
1605 2605 1778 2683 conscripti
1800 2612 1833 2667 et

1083 2695 1165 2772 typis
1188 2695 1265 2757 editi
1286 2695 1345 2758 sub
1379 2697 1498 2770 titulis,
1523 2699 1701 2776 dequibus
1729 2699 1830 2770 inira,

1082 2796 1252 2868 eapropter
1286 2790 1382 2852 iidem
1424 2791 1674 2854 eminentissimi
1709 2791 1832 2854 domini

1082 2889 1315 2960 praeceperunt
1335 2885 1512 2947 antedictae
1534 2884 1693 2948 formulae
1714 2886 1831 2948 adden-

1081 2975 1152 3037 dam
1175 2991 1255 3046 esse‚
1277 2977 1461 3040 immediate
1482 2984 1556 3040 ante
1578 2979 1692 3040 verba:
1719 2978 1762 3040 lit
1781 2979 1831 3043 ita

1079 3068 1215 3148 spondeo
1231 3075 1305 3142 etc,
1320 3070 1506 3148 particulam
1523 3079 1726 3150 sequentem,
1740 3090 1831 3136 nem·

1082 3179 1136 3240 pe:
1171 3195 1209 3210 -
1237 3163 1424 3241 Pariterque
1458 3165 1559 3228 libros
1594 3167 1720 3244 anglico
1752 3168 1830 3230 idio·

1081 3265 1165 3319 mate
1182 3257 1368 3335 impressos,
1385 3265 1480 3336 atque
1497 3275 1553 3337 per
1571 3260 1697 3323 decreta
1721 3259 1753 3324 S.
1770 3261 1831 3324 llo·

1081 3365 1193 3414 manae
1225 3359 1258 3414 et
1288 3351 1487 3414 Universalis
1518 3352 1738 3431 inquisitionis
1770 3355 1830 3417 sub

1081 3444 1193 3506 diebus
1215 3462 1272 3508 vn.
1296 3446 1476 3508 decembris
1491 3463 1692 3510 uuucxxrrv.
1716 3453 1748 3510 et
1769 3465 1828 3511 xiv.

1080 3537 1142 3600 iau.
1169 3555 1356 3601 uoccxxxv.
1382 3539 1484 3618 palam
1513 3539 1721 3618 improbatos,
1752 3557 1830 3618 quo-

1080 3647 1154 3692 rum
1177 3633 1278 3695 tituli:
1304 3632 1518 3696 «Catecbism
1545 3649 1581 3696 or
1606 3634 1831 3712 abridgerneut

1081 3724 1115 3786 ol
1134 3725 1293 3788 Christian
1316 3727 1466 3790 Doctrine
1482 3727 1610 3806 printed,
1628 3728 1662 3789 in
1677 3729 1732 3790 the
1753 3745 1830 3808 gear

1081 3835 1244 3880 ubccrxv.
1258 3819 1468 3882 instructions
1481 3820 1732 3900 ardprayerslor
1743 3821 1830 3885 Cbil-

1082 3913 1241 3974 dreuwitb
1257 3931 1273 3975 a
1289 3913 1468 3976 Catecbism
1484 3914 1538 4002 lor·
1549 3930 1659 3993 young
1674 3914 1830 3978 Cbildren

1081 4007 1207 4084 printed
1230 4006 1264 4069 in
1286 4007 1340 4070 tire
1362 4025 1438 4086 year
1460 4025 1659 4086 unucuxrv.;
1683 4017 1716 4072 et
1737 4027 1753 4072 a
1774 4009 1829 4072 Ca·

1083 4100 1217 4163 tecbism
1239 4101 1289 4164 lor
1311 4103 1408 4165 cbose
1437 4103 1559 4165 tbalare
1581 4120 1673 4166 more
1695 4105 1732 4166 ad
1755 4120 1830 4168 van-

1081 4195 1138 4256 ced
1169 4196 1202 4256 in
1233 4211 1325 4274 years
1357 4197 1418 4259 aud
1453 4197 1667 4275 Knouuledge
1702 4199 1830 4276 printed

1080 4304 1257 4350 ubccrxrv.
1273 4308 1304 4361 v,
1328 4305 1481 4367 expresse
1512 4306 1640 4370 respuo,
1664 4292 1774 4354 reiicio
1796 4310 1831 4354 ac

1081 4384 1208 4446 damno.
1245 4383 1324 4446 Huic
1355 4392 1463 4447 autem
1494 4386 1642 4464 ampliori
1670 4385 1829 4450 formulae

1080 4483 1256 4555 utrumque
1288 4477 1447 4541 Vicarium
1469 4478 1706 4558 Apostolicum‚
1740 4481 1829 4542 coad-

1079 4571 1238 4643 iutorem,
1270 4587 1449 4649 omnesque
1479 4579 1511 4634 et
1538 4573 1685 4650 singulos
1710 4575 1829 4636 utrius·

1080 4679 1143 4742 que
1164 4665 1333 4729 vicariatus
1365 4666 1682 4745 missiouarios,·qui
1703 4669 1828 4747 pridem

1079 4774 1162 4820 anno
1184 4775 1388 4822 uoccnxxrn.
1413 4760 1537 4822 lubenti
1559 4761 1666 4822 animo
1691 4761 1829 4824 subscri·

1080 4867 1184 4930 psere,
1201 4854 1320 4914 iterum
1344 4853 1376 4914 in
1391 4853 1523 4916 uberius
1536 4871 1612 4916 suae
1629 4855 1828 4918 obedientiae

1080 4954 1112 5009 et
1132 4947 1300 5030 religionis
1323 4949 1562 5020 testimonium,
1586 4955 1681 5026 atque
1703 4949 1740 5011 ad
1762 4966 1828 5012 me-

1079 5041 1182 5102 iorem
1197 5043 1279 5119 apud
1296 5040 1423 5104 Sacram
1438 5041 1733 5120 Congregationem
1755 5059 1828 5122 pro-

1079 5136 1265 5198 merendam
1282 5137 1579 5215 assequendamque
1595 5136 1734 5208 laudem,
1753 5136 1829 5198 sub·

1078 5228 1220 5290 scribere
1242 5229 1361 5290 debere
1383 5228 1482 5292 iidem
1504 5229 1752 5292 eminentissimi
1767 5229 1825 5291 ΡΡ.

1079 5321 1292 5395 declararunt,
1315 5323 1401 5384 etita
1419 5323 1536 5402 exequi
1553 5331 1584 5386 et
1597 5324 1719 5386 servari
1741 5339 1828 5385 man·

1079 5415 1206 5478 darunt.

1118 5510 1232 5572 Datum
1254 5509 1383 5583 Romae,
1398 5525 1437 5572 ex
1453 5510 1585 5573 aedibus
1600 5509 1758 5590 praelatae
1775 5509 1827 5573 Sa·

1078 5619 1150 5666 crae
1171 5603 1449 5682 Congregationis‚
1464 5604 1515 5666 die
1538 5612 1570 5667 et
1591 5621 1686 5678 anno,
1710 5604 1827 5683 quibus

1078 5713 1184 5776 supra.

1189 5843 1226 5907 v.
1252 5845 1343 5908 Card.
1370 5845 1478 5907 Paron
1500 5845 1694 5908 Praefectus.

1253 5979 1419 6060 Philippus
1442 5980 1478 6042 de
1500 5978 1662 6044 Mentibus
1684 5979 1805 6043 Secret.

1762 596 1818 658 ill
1875 596 1927 652 Ab.
1942 597 1970 652 G.
1985 596 2054 651 1738
