4814 6992
340 585 390 642 An.
404 587 431 641 O.
446 583 515 640 idad
572 584 611 646 38

552 721 591 784 de
613 722 732 800 ieiuga‚
760 723 874 785 vicaria
901 721 1156 792 Cbnistiabuaca,
1187 721 1301 784 vicaria

553 817 591 878 de
613 817 779 896 lamalapa:
805 825 880 880 sunt
902 833 1014 879 omnes
1037 832 1173 878 numero
1191 816 1300 878 decem

552 917 728 972 etnovem.

592 1003 806 1066 concedimus
830 1003 987 1081 praefatae
1002 1003 1185 1081 provinciae
1198 1002 1302 1078 Ange·

552 1096 743 1176 lopoiitanae
775 1098 844 1158 sive
878 1096 1068 1158 Sanctorum
1101 1093 1301 1172 Angelorum

553 1190 681 1252 noviter
696 1197 833 1262 erectae,
850 1207 906 1252 sex
923 1189 1116 1266 magisteria,
1134 1180 1215 1266 quae
1231 1197 1302 1251 ante

553 1284 745 1346 divisionem
762 1284 907 1356 babebat,
925 1291 957 1344 et
970 1283 1053 1344 ultra
1070 1283 1137 1355 ista,
1152 1283 1216 1345 duo
1231 1282 1300 1354 alia,

554 1378 646 1440 titulo
669 1378 835 1452 iectionis3
861 1377 1081 1453 magisterium
1108 1392 1186 1438 vero
1210 1376 1304 1438 titulo

553 1472 807 1547 praedicationis,
832 1472 916 1548 qnod
939 1469 1049 1532 multis
1077 1469 1192 1532 abhinc
1213 1469 1303 1532 annis

554 1564 614 1626 luit
642 1580 829 1628 concessum
862 1564 935 1626 siliis
964 1571 1142 1626 conventus
1165 1563 1303 1642 Angelo-

554 1659 699 1736 politan.,
724 1657 875 1719 volumus
902 1671 1093 1735 permanere
1114 1657 1147 1718 in
1170 1673 1228 1720 suo
1254 1674 1304 1719 ro-

555 1753 645 1814 bore.
667 1751 713 1813 Ad
736 1767 792 1812 sex
814 1758 921 1812 autem
938 1758 1205 1828 praesentaturas,
1223 1765 1304 1826 qnae

556 1845 700 1917 babebat,
725 1845 869 1906 addimus
893 1845 969 1906 duas
991 1843 1065 1904 alias
1083 1843 1176 1906 titulo
1196 1844 1305 1906 lectio·

554 1939 614 2010 nis,
638 1946 670 2000 et
692 1939 767 2000 duas
794 1937 887 2000 titulo
910 1937 1167 2015 praedicationis:
1194 1945 1226 2000 et
1251 1953 1304 1999 ex-

555 2047 664 2108 presse
688 2033 885 2102 mandamus,
903 2030 1029 2092 nullum
1054 2046 1146 2108 posse
1168 2032 1201 2092 in
1217 2046 1305 2109 prae·

554 2125 614 2186 lata
645 2125 807 2203 provincia
840 2125 1011 2204 postulari,
1050 2125 1236 2202 promoveri
1271 2142 1305 2186 ac

554 2227 738 2298 promotum
762 2217 915 2297 acceptari
938 2219 974 2280 ad
996 2219 1135 2295 aliquem
1157 2219 1303 2294 gradum,

555 2313 615 2374 nisi
647 2327 705 2390 pru
735 2313 811 2374 locis
834 2321 903 2373 actu
936 2312 1135 2386 vacantibns;
1169 2319 1201 2373 et
1232 2313 1304 2388 quia

554 2407 590 2468 ad
617 2423 674 2468 nos
697 2413 888 2484 speclatpro
905 2407 961 2466 bac
984 2405 1085 2482 prima
1107 2407 1177 2466 viee
1201 2407 1305 2484 provi-

553 2501 631 2561 dere
654 2499 831 2577 praedictae
859 2499 1041 2576 provinciae
1068 2498 1305 2576 Angelopolita·

556 2611 624 2664 riae,
639 2596 707 2654 sive
720 2591 909 2654 Sanctorum
922 2591 1135 2668 Angelorum,
1146 2593 1185 2653 de
1198 2593 1305 2669 priore

556 2686 753 2765 provinciali,
780 2687 893 2746 irarum
917 2685 1011 2756 serie,
1036 2701 1070 2746 ac
1089 2685 1181 2746 oliicii
1204 2685 1305 2748 nostri

554 2781 759 2850 auctoritate,
793 2779 922 2850 damus,
954 2794 1098 2840 creamus
1121 2786 1152 2839 et
1174 2777 1305 2840 iacimus

556 2875 697 2952 priorem
712 2871 954 2952 provincialem,
977 2879 1123 2950 caputet
1145 2879 1305 2949 pastorem

555 2967 697 3028 eiusdem
729 2965 923 3044 provinciae,
956 2965 1129 3026 admodum
1153 2980 1306 3027 reveren·

556 3062 631 3122 dum
649 3067 771 3138 patrem
786 3058 919 3120 iratrem
936 3057 1139 3120 Franciscum
1157 3059 1196 3120 de
1212 3058 1305 3120 Paula

556 3154 738 3232 provinciae
751 3161 878 3214 nostrae
892 3150 1087 3213 Sanctissimi
1101 3151 1222 3214 llosatii
1236 3151 1305 3212 Pbi-

556 3249 767 3325 lippinarum,
798 3253 830 3306 et
860 3262 898 3308 eo
928 3253 1056 3308 mortuo
1085 3245 1183 3326 (qnod
1213 3245 1306 3323 absit)

556 3341 697 3404 secundo
713 3340 793 3412 ioco,
816 3341 989 3402 admodum
1015 3335 1232 3402 reverendum
1255 3355 1306 3418 pa-

557 3444 639 3496 trem
662 3434 851 3511 magistrum
868 3433 1001 3495 iratrem
1017 3433 1168 3495 loannem
1185 3434 1224 3495 de
1246 3433 1305 3496 Gu-

557 3543 633 3590 enca
650 3528 793 3589 eiusdem
810 3527 992 3605 provinciae
1008 3527 1303 3606 Angelopolitanae,

557 3626 589 3684 et
602 3621 663 3682 isto
675 3621 774 3701 (quod
789 3621 873 3683 Dens
888 3621 1023 3700 avertat)
1039 3629 1179 3694 mortuo,
1200 3623 1306 3684 admo·

557 3719 633 3780 dum
652 3717 869 3778 reverendum
892 3723 1012 3794 patrem
1038 3716 1228 3792 magistrum
1247 3715 1306 3776 ira-

559 3818 641 3871 trem
662 3809 857 3872 ildefonsum
881 3809 956 3870 iliez
972 3810 1011 3870 de
1027 3809 1142 3885 Priego
1161 3809 1306 3870 eiusdem

559 3904 751 3982 provinciae,
782 3921 854 3966 cum
879 3905 966 3965 omni
991 3905 1178 3965 auctoritate
1201 3911 1233 3965 et
1254 3919 1307 3982 po-

558 4006 682 4070 testate,
707 4013 802 4075 qnam
826 3999 949 4076 priores
964 3997 1176 4076 provinciales
1199 3997 1231 4058 in
1253 3996 1307 4058 Or·

557 4091 632 4154 dine
660 4100 771 4152 nostro
795 4093 912 4154 babere
938 4093 1044 4154 solent
1072 4100 1104 4152 et
1132 4106 1308 4153 consueve-

557 4191 634 4246 runt
654 4201 752 4264 snper
781 4203 893 4248 omnes
920 4193 952 4248 et
979 4186 1123 4263 singulas
1156 4201 1308 4263 personas

558 4280 727 4356 utriusque
748 4297 855 4354 sexus,
880 4281 975 4342 etiam
998 4281 1084 4342 tertii
1105 4278 1230 4342 Ordinis
1253 4297 1308 4342 no-

558 4384 627 4437 stri.
642 4377 681 4438 iit
692 4377 898 4440 concedimus
912 4378 984 4438 iiuic
997 4369 1191 4455 provinciae,
1206 4383 1237 4436 et
1249 4391 1307 4435 suo

558 4471 716 4549 superiori
744 4487 801 4550 pro
827 4480 984 4550 tempore,
1004 4475 1110 4534 omnia
1133 4481 1165 4534 et
1182 4472 1308 4547 singula

559 4565 737 4644 privilegia,
763 4567 999 4646 praerogativas
1019 4585 1052 4628 ac
1074 4568 1305 4640 immunitates,

559 4661 676 4737 (quibus
688 4669 830 4724 caeterae
849 4663 1030 4740 provinciae
1051 4669 1083 4724 et
1097 4677 1208 4723 earum
1225 4663 1308 4740 prio-

560 4773 611 4817 res
628 4755 837 4833 provinciales
853 4757 885 4817 in
901 4755 1019 4818 Ordine
1040 4763 1150 4817 nostro
1166 4756 1204 4817 de
1225 4755 1306 4827 iure,

560 4851 611 4912 vei
633 4849 802 4927 approbata
824 4850 1068 4920 consuetudine,
1082 4866 1140 4911 seu
1156 4851 1251 4911 etiam
1268 4866 1307 4911 ex

561 4943 748 5022 privilegiis,
763 4943 879 5006 babere
891 4943 998 5004 solent
1012 4949 1044 5003 et
1055 4951 1306 5004 consueverunt.

562 5037 742 5099 llandantes
775 5039 923 5098 omnibus
957 5043 989 5097 et
1020 5036 1155 5112 singulis
1183 5043 1308 5099 nostrae

560 5147 654 5192 curae
676 5131 838 5203 subiectis,
852 5133 884 5192 in
900 5131 1021 5192 virtute
1037 5129 1174 5206 Spiritus
1191 5129 1306 5202 Sancti,

559 5231 682 5284 soractae
696 5224 894 5286 obedientiae
909 5224 967 5285 sub
984 5223 1110 5286 lormali
1126 5231 1306 5300 praecepto,

561 5334 619 5378 arec
651 5333 716 5378 non
746 5317 805 5380 sub
838 5333 937 5396 poena
970 5319 1309 5380 excommunicationis

561 5413 639 5474 latae
661 5413 839 5475 sententiae
854 5413 922 5490 ipso
938 5413 1017 5474 iacto
1034 5413 1237 5484 incurrenda,
1254 5413 1309 5472 bae

562 5524 623 5571 uria
646 5523 703 5586 pro
726 5509 807 5572 trina
839 5508 986 5570 ‹saironiea
1020 5507 1197 5569 monitione
1221 5523 1307 5584 prae-

563 5603 667 5674 missa,
698 5621 757 5665 nec
785 5619 849 5664 vion
881 5601 1064 5679 privationis
1097 5602 1255 5678 graduum
1279 5608 1310 5662 et

562 5698 731 5773 utriusque
753 5697 857 5766 vocis,
883 5713 923 5758 ne
945 5697 1003 5757 sub
1027 5695 1094 5757 uilo
1130 5702 1307 5774 praetextu,

563 5793 667 5862 titulo,
692 5791 744 5852 vel
766 5791 909 5867 quaesito
926 5791 1044 5864 colore,
1062 5791 1200 5852 audeant
1222 5805 1310 5866 prae-

562 5893 688 5946 sentem
717 5885 907 5946 divisionem
930 5901 964 5946 ac
986 5886 1182 5948 erectionem
1209 5897 1311 5944 novae

563 5977 744 6056 provinciae
773 5979 950 6056 respective
973 5979 1092 6040 directe
1119 5977 1171 6039 vel
1193 5976 1311 6038 indire-

1073 601 1138 646 tun.
1164 601 1255 648 PONT.
1279 603 1320 648 DE
1343 605 1372 648 P.
1397 603 1426 646 F.
1450 601 1534 646 PARS
1555 602 1577 646 l.

1359 727 1408 784 cte
1430 723 1638 800 impugnare,
1669 729 1724 784 aut
1743 724 1870 800 aliquod
1899 727 2009 786 contra
2031 735 2108 796 quo-

1360 814 1537 877 modolibet
1557 822 1725 878 attentare.
1746 815 1900 880 Omnibus
1916 830 1995 876 vero
2015 813 2108 891 patri-

1360 909 1418 970 bus
1437 925 1471 971 ac
1489 909 1641 971 iratribus
1653 911 1870 988 spectantibus
1882 911 1918 972 ad
1930 913 2108 970 conventus

1359 1019 1454 1081 supra
1472 1011 1689 1076 enumeratos,
1707 1021 1741 1066 ac
1756 1005 1923 1082 deputatos
1946 1019 2004 1080 pro
2027 1016 2108 1062 nova

1361 1097 1524 1175 provincia
1540 1095 1816 1176 Angeiopoiitana,
1834 1098 1903 1159 sive
1918 1095 2108 1158 Sanctorum

1360 1189 1572 1267 Angelorum,
1586 1191 1645 1252 snb
1661 1193 1775 1254 eodem
1789 1191 1915 1254 lormali
1928 1197 2107 1269 praecepto,

1361 1300 1493 1348 censura
1524 1292 1555 1346 et
1577 1287 1688 1364 poenis
1717 1287 1923 1356 mandamns,
1946 1291 1982 1346 nt
2011 1283 2109 1360 priori

1362 1378 1548 1455 provinciali
1571 1379 1717 1441 eiusdem
1740 1379 1933 1457 provinciae,
1957 1385 2108 1454 utsupra

2145 581 2238 636 Aac.
2254 579 2327 636 roeo

1361 1472 1482 1534 anobis
1498 1479 1615 1544 creato,
1640 1472 1774 1550 eiusque
1795 1471 2032 1534 successoribus
2052 1485 2109 1547 pro
2180 1545 2184 1552 ,

1363 1572 1524 1644 tempore,
1550 1574 1582 1628 et
1604 1565 1787 1628 nullatenus
1820 1563 2005 1643 provinciali
2039 1579 2110 1640 pro-

1362 1659 1484 1720 vinciae
1506 1657 1612 1721 Sancti
1633 1659 1734 1722 iacobi
1758 1660 1796 1721 de
1819 1659 1940 1720 Maxico
1965 1658 1997 1738 (e
2019 1657 2110 1719 cuius

1362 1753 1543 1814 obedientia
1572 1771 1605 1815 ac
1634 1752 1853 1815 iurisdictione
1885 1767 1940 1814 eos
1969 1749 2110 1813 totaliter

1362 1846 1548 1926 eximimus)
1569 1847 1601 1908 in
1625 1846 1774 1910 omnibus
1796 1853 1828 1908 et
1843 1861 1900 1923 per
1915 1845 2021 1906 omnia
2036 1845 2110 1906 obe-

1362 1941 1449 2003 diant
1470 1957 1504 2001 ac
1523 1947 1663 2018 pareant.
1692 1939 1726 2002 in
1741 1939 1872 2001 nomine
1889 1939 1998 2010 Patris
2016 1937 2111 2000 etii-

1363 2035 1407 2106 lii,
1426 2041 1458 2096 et
1479 2033 1616 2112 Spiritus
1632 2032 1748 2096 Sancti.
1766 2033 1880 2096 Amen.
1901 2031 2111 2106 Quibuscum-

1363 2144 1425 2206 que
1454 2127 1486 2188 in
1515 2129 1711 2190 contrarium
1741 2127 2042 2190 nonobstantibus.
2076 2126 2111 2188 in

1363 2237 1502 2298 quorum
1519 2222 1626 2292 iidem,
1641 2221 1689 2281 liis
1702 2221 1795 2282 oliicii
1810 2221 1911 2282 nostri
1922 2220 2030 2297 sigillo
2043 2237 2112 2282 mu·

1363 2317 1448 2388 nilis,
1472 2331 1568 2376 manu
1591 2315 1717 2394 propria
1740 2313 1999 2392 subscripsimus.

1403 2409 1516 2470 ilatum
1532 2407 1661 2480 nomae,
1678 2408 1711 2469 in
1727 2415 1888 2470 conventu
1905 2413 2013 2468 nostro
2036 2406 2110 2468 San-

1363 2509 1430 2564 ctae
1444 2502 1557 2564 liariae
1569 2517 1664 2578 supra
1677 2502 1865 2572 Minervam,
1880 2501 1930 2562 die
1943 2499 2023 2562 lesto
2037 2499 2111 2561 San-

1363 2605 1487 2658 ctorum
1517 2595 1718 2672 Angelorum
1749 2611 1836 2656 xxix.
1868 2601 1949 2671 sept.
1980 2609 2109 2656 nocivi.

1364 2689 1473 2751 Frater
1502 2689 1634 2751 ioannes
1664 2688 1801 2766 Baptista
1829 2689 1868 2749 de
1898 2687 2023 2748 Marinis
2049 2703 2112 2748 vua-

1364 2785 1464 2860 gister
1489 2781 1626 2844 Ordinis.
1658 2780 1891 2858 derogemus
1920 2782 2109 2857 Arostegni,

1364 2884 1396 2938 et
1417 2876 1545 2938 Areilzo
1576 2876 1729 2952 magister
1761 2874 1964 2951 provincialis
1995 2873 2111 2936 Terrae

1364 2971 1506 3040 Sanctae,
1525 2968 1732 3031 Secretarins.
1756 2967 1926 3044 liegistrat.
1944 2967 1999 3030 iol.
2018 2967 2084 3029 lli.

1403 3159 1472 3234 52.
1496 3155 1576 3218 Cum
1604 3163 1723 3228 autem,
1747 3155 1829 3218 sicut
1851 3155 1962 3216 eadem
1988 3156 2112 3233 exposi-
2140 3170 2347 3226 nivisionisapo·

2132 3224 2225 3268 steiica
2253 3227 2338 3268 contii·

1366 3256 1407 3316 lio
1430 3248 1655 3325 subiungebat,
1684 3249 1786 3312 dictus
1809 3249 1941 3310 ioannes
1964 3264 2111 3326 procura·
2135 3279 2222 3322 „meg

1364 3355 1414 3410 tor
1437 3359 1601 3422 exponens
1633 3343 1804 3422 praemissa
1826 3357 1884 3420 pro
1914 3343 2049 3404 firmiori
2078 3343 2113 3404 il-

1365 3442 1470 3504 lorum
1500 3437 1705 3500 subsistentia
1735 3443 1767 3498 et
1796 3436 2020 3498 observatione
2042 3453 2114 3515 apo-

1364 3536 1493 3598 stolicae
1514 3531 1766 3594 confirmationis
1789 3537 1918 3594 nostrae
1940 3531 2115 3610 patrocinio

1365 3627 1508 3692 roborari
1527 3641 1735 3702 summopere
1751 3625 1928 3686 desideret:
1953 3624 2017 3686 Nos
2037 3641 2114 3686 eun-

1365 3725 1438 3786 dem
1461 3723 1611 3784 loannem
1635 3728 1875 3797 procuratorem
1898 3725 2115 3796 exponentem

1365 3815 1554 3894 specialibus
1586 3811 1747 3875 iavoribus
1774 3819 1806 3873 et
1828 3812 1938 3888 gratiis
1963 3813 2115 3889 prosequi

1365 3909 1530 3980 volentes,
1565 3915 1634 3969 eta
1661 3904 1828 3982 quibusvis
1861 3905 2116 3966 excommnnica-

1367 4003 1472 4075 tionis,
1497 3999 1716 4079 suspensionis
1739 4007 1771 4060 et
1793 3998 1965 4070 interdicti,
1982 3997 2116 4074 aliisque

1367 4094 1586 4158 ecclesiasticis
1615 4092 1801 4162 sententiis,
1826 4091 1970 4154 censuris
1992 4098 2025 4154 et
2042 4105 2116 4168 poe-

1367 4192 1415 4251 nis
1437 4206 1453 4250 a
1475 4189 1546 4250 iure
1573 4186 1624 4248 vel
1655 4186 1692 4247 ab
1715 4186 1857 4256 bomine,
1892 4184 2003 4260 quavis
2031 4201 2116 4246 occa-

1367 4285 1457 4346 sione
1487 4282 1538 4344 vel
1561 4297 1652 4344 causa
1674 4281 1755 4352 latis,
1786 4280 1950 4357 siquibus
1983 4295 2116 4356 quomo-

1368 4379 1488 4441 dolibet
1501 4376 1673 4438 innodatus
1686 4374 1804 4446 existit,
1815 4375 1851 4436 ad
1867 4374 2016 4435 ellectum
2029 4389 2116 4452 prae-

1367 4473 1509 4534 sentium
1531 4473 1696 4532 dumtaxat
1711 4469 1987 4545 consequendum,
2003 4469 2116 4528 barum

1367 4567 1451 4630 serie
1474 4566 1679 4627 absolventes
1701 4570 1734 4624 et
1755 4562 1937 4624 absolutum
1960 4561 2030 4622 iore
2046 4579 2117 4622 cen-

1367 4667 1486 4730 sentes,
1500 4657 1784 4737 supplicationibus
1799 4657 1868 4718 eius
1881 4657 2012 4718 nomine
2025 4655 2116 4716 nobis

1366 4770 1464 4832 super
1489 4755 1550 4814 boc
1579 4751 1746 4813 humiliter
1779 4751 1933 4828 porrectis
1962 4749 2115 4822 inclinati,

1368 4849 1559 4911 divisionem
1584 4847 1684 4908 dictae
1704 4843 1887 4922 provinciae
1911 4841 1942 4904 S.
1960 4842 2061 4904 iacobi
2078 4843 2117 4904 de

1369 4943 1489 5004 llexico
1508 4943 1541 5001 in
1561 4941 1637 5002 duas
1657 4937 1846 5016 provincias,
1868 4935 1950 4998 sicut
1969 4936 2118 5013 praemit-

1368 5036 1457 5105 titur,
1483 5032 1720 5110 nuncupandas,
1748 5047 1874 5092 necnon
1899 5035 2114 5092 conventuum

1369 5132 1571 5196 vicariarmn,
1602 5127 1814 5202 collegiorum
1848 5133 1880 5186 et
1902 5125 2116 5186 terminorum

1368 5225 1629 5302 assignationem,
1651 5237 1685 5282 ac
1701 5219 1963 5296 magisteriorum
1983 5227 2015 5279 et
2030 5235 2117 5295 prae-

1368 5326 1605 5381 sentaturarum
1641 5312 1883 5376 concessionem
1921 5318 1953 5372 et
1987 5311 2117 5372 additio-

1369 5428 1455 5479 nem,
1477 5411 1616 5486 utrique,
1641 5423 1697 5470 seu
1721 5405 1813 5467 alteri
1836 5404 2023 5466 earumdem
2047 5419 2118 5481 pro-

1368 5508 1545 5567 vinciarum
1568 5502 1758 5580 respective,
1783 5499 1972 5576 prioresque
1989 5497 2117 5575 provin-

1368 5601 1461 5662 ciales
1473 5597 1651 5676 praedictae
1663 5594 1845 5672 provinciae
1857 5591 2115 5669 Angelopoiitan.

1369 5711 1426 5772 pro
1455 5693 1512 5752 liae
1541 5689 1641 5767 prima
1672 5689 1742 5748 vice
1764 5686 1960 5748 creationem
1985 5700 2042 5746 seu
2066 5685 2119 5746 de·

1369 5786 1577 5864 putationem,
1610 5788 1642 5842 et
1669 5781 1728 5842 alia
1761 5780 1867 5841 omnia
1894 5785 1927 5839 et
1954 5777 2118 5854 singulae

1370 5885 1547 5942 memorato
1576 5876 1694 5938 loanne
1726 5875 1861 5953 Baptista
1885 5873 2034 5948 llagistro
2061 5869 2118 5933 Ge-

1373 5974 1483 6046 nerali,
1507 5979 1543 6035 ut
1565 5970 1757 6050 praelertur,
1774 5967 1864 6038 lacta,
1881 5982 2041 6036 concessa,
2065 5966 2118 6026 de-
