4756 6994
874 598 1017 644 stannus
1039 598 1090 643 PP.
1115 597 1172 642 xlt.

246 720 392 781 vinarunu
409 734 521 780 rerum
544 733 740 794 morumque
762 717 920 779 bonorum
945 732 995 795 pa-

247 813 398 874 trimonio
409 813 614 890 italo-graeci
629 811 709 872 ritus
722 811 936 882 iuventutem,
951 809 995 871 di-

246 907 318 970 vina
338 908 383 970 sic
404 914 605 984 suggerente
626 905 777 976 bonitate,
802 903 935 983 provide
951 903 995 965 di-

246 1001 361 1078 sposita
391 999 546 1071 luerunt,
581 1007 724 1078 optatum
757 997 993 1058 desideriorum

246 1221 266 1266 si
282 1222 341 1278 ‹quuis
356 1222 434 1267 illum
451 1223 603 1271 simulatus.
619 1221 794 1266 nihilominus
805 1220 946 1276 collegium
959 1220 995 1264 iu·

246 1293 320 1334 ratus
334 1289 416 1334 suerit
437 1291 581 1345 ingressus,
599 1289 718 1334 tiulsitate
735 1287 846 1342 detecta,
865 1285 996 1332 alimenta

246 1356 345 1400 solvere
365 1357 550 1412 compellatur,
565 1363 600 1402 et.
620 1366 761 1400 remanens
784 1355 808 1398 in
831 1353 885 1398 ritu
900 1353 995 1406 latino,

247 1423 353 1468 interim
369 1425 481 1480 periurii
497 1428 523 1468 et
538 1423 664 1470 mislteris
679 1433 775 1480 poenas
791 1422 925 1477 rependat.

548 1547 646 1588 unrt'r
661 1547 692 1589 ll.

465 1642 499 1682 us·
513 1642 647 1682 astercum
659 1642 774 1691 pietatus.

287 1757 412 1807 Quoniam
433 1757 584 1814 spiritualis
605 1755 718 1802 aedilicii
738 1757 939 1802 fundamentum
956 1763 996 1801 est

246 1825 339 1880 pietas,
355 1825 412 1870 ideo
428 1825 454 1868 iu
472 1825 496 1868 id
511 1831 615 1882 oportet
631 1825 792 1872 incumbere.
803 1829 832 1867 ut
843 1824 927 1880 pietas
939 1823 995 1879 ipsa

245 1891 417 1936 alurnmornm
439 1893 537 1937 animis
558 1891 738 1948 imprimatur.
761 1892 936 1942 Quamobrem
952 1902 995 1935 cu·

247 1961 307 2002 rent
321 1969 367 2014 per
382 1964 619 2010 sacramentorum,
634 1957 772 2012 orationis,
787 1957 909 2002 lectionis
919 1957 994 2001 libro·

247 2037 307 2070 rum
329 2026 511 2082 spiritualium
535 2031 615 2084 atque
635 2025 854 2071 adhortationum
878 2025 996 2081 frequen·

246 2092 311 2137 tiam
327 2093 364 2137 sic
379 2094 439 2138 ilios
455 2094 567 2138 fervidos
583 2093 700 2148 reddere,
716 2105 755 2146 ue,
771 2093 839 2151 quod
852 2092 996 2138 vocationis

245 2171 309 2204 suae
334 2160 466 2216 utriusque
491 2161 608 2206 instituti
633 2161 771 2218 proprium
794 2165 849 2210 est,
871 2159 995 2214 consequi

246 2227 398 2283 negligant:
422 2228 499 2283 quod,
523 2235 552 2272 ut
573 2228 694 2272 securius
717 2227 878 2280 obtineatur,
900 2227 994 2272 saltem

245 2293 326 2336 serrrei
343 2292 369 2336 in
384 2304 454 2338 aurito
470 2305 515 2350 per
530 2299 588 2338 octo
598 2294 654 2338 dies
665 2294 849 2350 spiritualibus
862 2297 886 2336 S.
897 2293 995 2347 ignatii

245 2360 380 2404 exercitiis
395 2367 495 2414 vacem,
510 2361 668 2418 praesertim
685 2367 747 2404 ttuuc
764 2360 934 2406 ecclesiastici
945 2365 997 2404 sta·

245 2435 290 2472 tus
304 2429 416 2472 odicium
432 2429 650 2484 propositumque
672 2428 813 2472 identidem
829 2427 997 2472 consideran·

246 2503 301 2548 ιιι,
324 2494 442 2538 consiliis
462 2493 612 2550 spiritualis
631 2494 771 2539 directoris
794 2493 835 2539 sni
854 2493 995 2549 obsequuti

245 2571 275 2606 ac
291 2559 452 2617 praeteritae
467 2561 536 2605 vitae
551 2561 669 2606 maculas
680 2561 813 2616 generalis
823 2561 997 2605 confessionis

245 2630 348 2673 iavacro
361 2628 475 2676 diluant,
486 2628 555 2673 serio
565 2627 655 2672 animo
670 2631 804 2673 versantes
816 2639 878 2672 num
891 2628 996 2672 valeant

245 2696 351 2740 hunueri
377 2696 536 2740 imuneusunr
563 2695 704 2740 sacerdotii
729 2696 830 2751 pondus
854 2696 996 2748 sustinere,

245 2764 314 2819 quod
329 2773 388 2806 rnox
403 2769 483 2806 erunt
498 2763 622 2808 subituri.
634 2765 730 2808 Octavo
744 2773 848 2818 quoquo
862 2763 904 2806 die
916 2763 947 2806 ad
959 2773 997 2805 sa·

244 2835 411 2875 uramentum
429 2829 608 2874 roenttenttae
623 2829 994 2884 accedant,etsacrosanctam

245 2897 452 2947 Eucharistiuun,
473 2897 517 2940 ubi
533 2908 579 2951 per
593 2899 708 2941 aetatem
728 2896 844 2952 licuerit,
865 2896 997 2952 quindeno

244 2976 351 3022 quoquo
366 2965 520 3022 suscipiant,
537 2968 728 3020 praetereaque
746 2966 770 3007 in
787 2963 860 3008 sestis
876 2965 997 3008 solemni·

246 3033 296 3077 bus
316 3035 342 3076 et
365 3033 390 3076 ιιι
415 3043 573 3089 unoquoquo
596 3033 637 3076 dte
661 3031 793 3077 dominico
818 3032 947 3076 adventus
971 3039 997 3076 et

245 3099 477 3157 quadragesimae:
501 3100 603 3144 discant
629 3107 717 3144 tamen
739 3101 840 3144 alumni
864 3113 880 3145 a
901 3102 997 3146 contes-

246 3166 318 3211 sario
333 3167 373 3211 vel
391 3167 445 3211 alio
465 3167 600 3222 spirituali
623 3167 754 3222 praefecto
773 3169 995 3223 quemadmodum

246 3239 352 3278 tantum
374 3238 571 3278 sacramentum
593 3233 726 3279 truuctuose
749 3235 926 3290 frequentent.
949 3237 996 3280 Rei

245 3301 350 3346 divinae
366 3301 484 3358 quotidie
495 3301 629 3350 intersint,
640 3307 666 3345 et
678 3313 754 3346 ruraure
765 3313 821 3346 rem
834 3302 995 3348 litterariam

246 3368 366 3413 oratione
385 3367 573 3424 auspicentnr;
594 3379 662 3424 quae
677 3379 724 3424 per
742 3367 880 3412 dimidiam
903 3369 995 3413 horam

246 3435 381 3490 perduret,
396 3435 422 3478 ιιι
438 3445 489 3491 qua
505 3437 584 3479 iterum
601 3439 688 3480 merite
713 3447 825 3492 voceque
845 3441 995 3492 precentur,

248 3507 280 3546 ut
294 3513 340 3558 pro
355 3511 404 3548 sua
418 3503 529 3558 quisque
547 3506 637 3548 aetate
659 3504 790 3559 potuerit:
807 3505 845 3550 ita
861 3511 890 3549 ut
907 3509 994 3551 tamen

248 3569 433 3614 ministrorum
455 3569 552 3626 aliquis
575 3565 623 3614 aiut
642 3570 740 3626 aliquis
762 3571 933 3616 alumnorum
955 3583 997 3628 pe-

247 3636 326 3680 ritior
340 3638 376 3680 sit
394 3635 475 3680 veluti
496 3637 631 3682 orantium
652 3641 826 3693 artagnostes:
845 3638 923 3694 idque
940 3644 995 3683 tum

246 3713 332 3758 marre,
350 3706 408 3748 tum
428 3712 501 3748 sero:
517 3703 599 3760 siqui
621 3715 681 3748 vero
697 3705 867 3750 horariarum
889 3717 995 3762 precum

245 3781 356 3826 pensum
376 3781 428 3814 non
444 3771 600 3826 persolvisse
620 3770 779 3827 reperiatur,
794 3772 848 3817 alia
864 3774 996 3828 persolvat

246 3837 326 3882 hora:
341 3838 386 3881 sed
401 3843 428 3881 et
443 3847 487 3882 eas
505 3848 603 3893 preces,
620 3837 663 3882 ubi
680 3838 789 3884 iusserit
804 3843 901 3894 rector,
918 3839 943 3883 in
960 3852 998 3884 ee·

245 3904 326 3949 clesia
340 3904 438 3956 dicant,
459 3903 522 3960 quin
538 3904 619 3948 etiam
635 3905 749 3960 singulis
766 3905 906 3950 dominicis
925 3906 998 3951 aliis·

246 3965 297 4027 que
310 3971 385 4016 sestis
400 3971 431 4016 de
446 3975 585 4028 praecepto
596 3971 688 4017 diebus
703 3983 778 4017 sacro
793 3973 905 4018 solemni
917 3973 999 4018 inter·

246 4039 300 4084 sint
316 4049 490 4094 vesperasque
512 4048 607 4094 graeco
628 4037 683 4083 ritu
701 4049 806 4093 canant,
823 4043 852 4085 ut
867 4045 894 4085 et
908 4041 995 4098 ipsum

246 4112 273 4152 et
297 4107 414 4164 reliquas
438 4107 630 4151 ecclesiasticas
655 4107 836 4152 coeremonias
862 4107 997 4163 eiusdem,

246 4175 311 4220 alibi
332 4173 498 4226 exercendas,
519 4173 631 4226 discant,
652 4177 679 4218 et
694 4173 811 4229 (quotidie
832 4177 941 4219 Sacrum
957 4187 997 4222 eo·

246 4244 305 4288 dem
319 4251 415 4298 graeco
431 4241 496 4292 ritu,
518 4240 574 4285 sine
594 4241 765 4286 solemnitate
781 4241 938 4298 iaciendum,
952 4255 997 4288 au·

246 4310 335 4360 diant,
360 4308 386 4354 ιιι
411 4309 486 4353 cuius
508 4309 559 4353 tine
583 4319 705 4364 graecam
727 4309 850 4354 litaniam
875 4311 996 4356 recitent.

248 4379 301 4422 Non
321 4376 494 4432 indignentur
508 4377 542 4421 ab
557 4376 590 4421 iis
608 4375 715 4432 corripi,
733 4377 829 4432 quibus
847 4379 940 4440 datum
957 4383 996 4424 est

247 4447 274 4490 in
289 4446 369 4490 choro
388 4455 524 4501 praeesse:
545 4445 670 4489 studeant
685 4450 808 4489 erratuum
824 4457 903 4490 onrrre
917 4447 999 4491 corri-

247 4524 317 4566 gere.
331 4523 379 4556 nec
393 4512 536 4567 aliquando
555 4511 645 4556 divina
667 4512 887 4568 praetermittant
903 4513 998 4569 otlicia,

247 4580 316 4636 quod
337 4579 425 4624 nolint
448 4577 591 4623 litterariis
613 4578 748 4623 exercitiis
771 4579 878 4633 deesse,
901 4580 998 4636 quibus

248 4646 441 4692 modestissime
462 4643 601 4690 intersint:
622 4645 720 4702 quique
736 4657 810 4692 secus
826 4647 926 4700 iecerit,
941 4659 999 4703 gra·

248 4714 316 4759 riter
338 4713 476 4770 puniatur.
502 4713 620 4767 alumni,
644 4712 693 4757 etsi
718 4714 824 4768 iugenio
848 4721 997 4770 praestent,

247 4783 275 4825 et
289 4781 439 4826 studiorum
454 4780 600 4836 cupiditate
616 4779 799 4834 incendantur,
815 4778 998 4835 nihilominus,

249 4847 293 4892 ubi
308 4857 401 4903 parum
418 4845 511 4903 pietati
527 4846 680 4891 studuerint
694 4847 814 4903 aliosque
831 4846 942 4892 consilio
957 4848 997 4891 vel

248 4914 365 4970 exemplo
379 4913 412 4958 ab
426 4913 597 4958 observantia
610 4913 739 4959 bonorum
751 4913 873 4958 ordinum
885 4913 998 4970 collegii,

248 4981 398 5026 obedientia
413 4987 439 5026 et
454 4981 511 5037 ipsa
525 4981 631 5024 demum
647 4980 745 5036 pietate
760 4979 936 5036 retraxerint,
955 4982 998 5026 ad·

249 5051 416 5100 moneantur,
427 5053 462 5096 et.
472 5047 524 5092 nisi
535 5045 698 5102 resipiscant,
709 5045 890 5096 dimittantur.
902 5058 934 5092 ne
944 5059 998 5093 sca·

249 5116 316 5160 btem
332 5125 408 5161 suam
423 5115 485 5161 aliis
499 5113 629 5160 anricent.
644 5116 724 5159 Denuo
734 5114 801 5158 testo
811 5113 854 5159 die
864 5125 917 5159 non
926 5126 999 5171 egre·

249 5183 364 5237 diantur,
378 5181 431 5226 nist
452 5188 511 5239 post
532 5181 682 5238 prandium,
697 5181 776 5226 dictis
793 5181 918 5238 vesperis.
934 5185 998 5227 Toto

250 5250 311 5294 anni
324 5249 467 5300 curriculo,
483 5247 642 5304 praesertim
661 5248 766 5304 quando
785 5246 874 5292 seriari
893 5249 926 5292 ab
945 5254 998 5293 stu-

251 5316 292 5361 dio
309 5316 409 5368 iicebit,
430 5319 488 5372 post
506 5313 656 5371 prandium,
675 5315 756 5360 etiam
775 5315 801 5359 in
818 5314 998 5360 vacationibus

250 5381 461 5436 autumnalibus,
483 5381 510 5426 in
528 5381 665 5428 cantandis
686 5381 784 5426 divinis
804 5379 896 5426 officiis
917 5381 997 5436 inque

249 5448 421 5494 coeremoniis
441 5448 636 5502 ecelesiasticis,
652 5448 727 5492 iuxta
743 5457 843 5491 morem
859 5445 998 5492 orientalis

251 5516 374 5562 ecclesiae
395 5514 555 5568 exercendis,
577 5517 677 5570 vacent,
697 5519 727 5559 ut
741 5525 786 5560 eas
805 5513 915 5559 subinde
936 5525 996 5558 curn

250 5583 379 5639 dignitate
400 5587 548 5636 exerceant,
567 5581 612 5626 ubi
626 5581 817 5626 consuetudine
832 5591 999 5638 comparare·

251 5649 312 5694 rint.
327 5652 411 5706 atque
425 5649 484 5694 eius
499 5649 538 5694 rei
552 5659 617 5694 eura
631 5648 801 5694 conscientiis
816 5647 945 5704 praesidis
960 5653 999 5694 at

250 5728 299 5774 qne
314 5715 424 5762 rectoris
444 5727 510 5762 onus
531 5721 597 5761 esto.
619 5716 747 5767 Quoniam
767 5715 871 5760 veroin
888 5715 998 5762 ecclesia

251 5784 361 5840 collegii,
375 5783 409 5829 ab
423 5783 555 5840 indigenis
572 5781 751 5829 sacerdotibus
766 5783 855 5828 multa
870 5794 945 5828 sacra
960 5795 998 5828 ce·

252 5851 396 5904 lebrantur,
411 5861 461 5896 non
477 5849 556 5895 liceat
571 5851 667 5895 rectori
678 5850 800 5895 alumnos
811 5850 843 5896 ad
856 5849 998 5894 inservien-

252 5918 311 5963 dum
335 5917 413 5964 dictis
435 5917 615 5963 sacerdotibus
636 5917 834 5964 celebrantibus
855 5917 997 5970 destinare,

252 5985 301 6030 nisi
317 5988 388 6039 tunc,
403 5995 463 6028 cum
479 5985 519 6028 illi
530 5987 639 6030 Sacrum
650 5985 772 6038 audiunt,
784 5995 815 6028 ne
826 5984 938 6028 subinde
948 5984 998 6028 soli

1051 723 1236 777 nostrorum
1252 714 1407 777 exhibere
1418 713 1679 792 implementum,
1691 714 1802 775 iuven-

1051 815 1219 884 tutemque
1242 807 1433 885 praedictam
1463 806 1507 868 sic
1535 807 1708 868 enutritam
1732 823 1803 886 spe-

1050 901 1166 964 ciosam
1190 901 1222 962 in
1245 907 1417 978 conspectu
1434 900 1489 962 liei
1504 901 1719 979 intelligimus
1734 919 1802 965 cre-

1050 1011 1139 1058 scere
1161 994 1194 1057 in
1218 994 1304 1070 dies;
1327 1009 1477 1072 aequum,
1495 995 1573 1071 quin
1589 995 1734 1058 debitum
1751 1013 1801 1076 pa-

1052 1219 1077 1264 in
1093 1217 1202 1263 ecclesia
1217 1225 1380 1268 remaneant,
1397 1229 1460 1262 neve
1475 1217 1538 1262 ordo
1552 1217 1712 1262 domesticae
1727 1217 1803 1262 disci·

1052 1285 1139 1342 pliuae
1160 1289 1338 1342 pervertatur.
1361 1287 1445 1336 thue
1468 1283 1546 1328 iidem
1569 1284 1671 1329 alumni
1690 1284 1724 1329 ab
1745 1285 1801 1341 ipso

1050 1353 1163 1409 collegii,
1179 1351 1261 1398 veluti
1276 1363 1389 1402 carcere,
1403 1351 1522 1408 proximo
1538 1362 1586 1396 suo
1600 1350 1715 1408 operarii
1730 1351 1801 1408 frugi

1051 1420 1124 1472 iiauut,
1148 1419 1263 1472 singulis
1286 1419 1426 1464 dominicis
1447 1419 1548 1472 diebus,
1570 1425 1628 1474 post
1649 1419 1801 1475 prandium,

1050 1487 1102 1531 dno
1121 1499 1150 1531 en
1172 1487 1218 1538 eis,
1240 1486 1285 1542 qni
1301 1487 1441 1543 peritiores
1458 1486 1520 1540 sint,
1534 1487 1566 1530 ad
1582 1485 1799 1530 consuetudinem

1050 1554 1158 1610 dialogi,
1173 1553 1348 1598 christianam
1359 1553 1506 1598 doctrinam
1518 1553 1544 1597 iu
1556 1551 1667 1598 ecclesia
1678 1551 1800 1606 recitent,

1052 1627 1080 1666 nt
1097 1633 1149 1666 una
1164 1622 1213 1678 ipsi
1229 1630 1256 1666 et
1266 1621 1401 1677 proximus
1417 1621 1599 1664 instruantur:
1615 1621 1800 1676 quodquidam

1051 1689 1206 1734 exercitium
1226 1699 1315 1732 coram
1337 1691 1439 1732 rectore
1457 1693 1505 1732 aut
1523 1687 1576 1732 alio
1597 1687 1653 1731 viro
1667 1687 1751 1742 gravi,
1766 1689 1799 1732 ab

1051 1756 1140 1814 eqdem
1166 1759 1268 1800 rectore
1290 1755 1453 1810 deputando,
1479 1753 1598 1798 modeste
1623 1754 1683 1801 liat:
1709 1754 1745 1798 ita
1770 1759 1800 1800 ut

1050 1823 1154 1868 alumni
1176 1822 1233 1879 ipsi.
1255 1833 1314 1866 curn
1338 1821 1379 1876 iis,
1401 1821 1445 1878 qni
1468 1823 1544 1866 extra
1566 1819 1706 1876 collegium
1730 1826 1801 1876 sunt,

1051 1900 1216 1946 nequaquam
1234 1900 1261 1932 se
1277 1889 1412 1932 rnisoeaut.
1428 1886 1550 1931 omnium
1565 1887 1647 1948 etiarn
1660 1888 1800 1932 benefacto

1051 1967 1110 2000 ruuuu
1126 1955 1242 2012 collegii,
1257 1962 1282 1999 et
1299 1955 1435 2010 potissime
1455 1954 1526 1998 illius
1545 1954 1703 2008 fundatoris,
1718 1956 1802 2012 qnoti-

1050 2023 1091 2066 die
1108 2022 1178 2068 iuter
1192 2023 1321 2067 orandum
1339 2021 1490 2066 meminisse
1501 2022 1583 2066 decet.
1596 2022 1642 2066 ssd
1655 2033 1702 2077 pro
1713 2023 1802 2067 sunda·

1051 2093 1108 2134 tore
1123 2089 1227 2145 quidem
1245 2100 1343 2145 proque
1360 2087 1490 2144 insigibus
1505 2087 1705 2145 quibuscunque
1726 2089 1800 2132 bene·

1050 2155 1195 2202 factoribus
1209 2155 1422 2202 arrrriversnrium
1438 2155 1547 2200 funebre
1562 2167 1667 2201 sacrum
1678 2156 1801 2200 solemni·

1052 2229 1092 2268 ter
1106 2223 1270 2268 celebretur:
1287 2234 1334 2278 pro
1348 2223 1410 2268 aliis
1426 2234 1486 2267 vero
1497 2223 1708 2268 benefactoribus
1719 2234 1802 2269 sacer-

1050 2291 1124 2336 dotes
1146 2290 1247 2344 collegii
1273 2290 1394 2334 horarias
1417 2301 1505 2346 preces
1529 2297 1556 2334 et
1577 2293 1685 2335 Sacrum
1709 2291 1736 2334 in
1757 2291 1799 2335 die

1050 2359 1138 2404 obitus
1153 2358 1296 2402 eorundem
1312 2357 1459 2402 celebrent:
1475 2367 1526 2413 quo
1541 2357 1582 2401 die
1596 2358 1698 2402 alumni
1709 2371 1798 2414 preces

1051 2425 1121 2482 ipsas
1137 2424 1259 2469 luorarias
1273 2423 1426 2477 cantabunt,
1442 2431 1468 2468 et
1484 2424 1531 2468 hoc
1546 2423 1626 2468 etiam
1639 2424 1686 2468 liat
1696 2426 1801 2482 qnando

1050 2491 1153 2546 collegii
1170 2495 1257 2534 rector
1271 2489 1374 2534 obierit.
1393 2493 1537 2546 Perpetuus
1553 2490 1656 2546 collegii
1673 2497 1801 2547 patronus

1050 2563 1107 2604 esto
1131 2569 1199 2604 unns
1223 2569 1253 2602 ex
1278 2561 1302 2602 S.
1327 2561 1357 2602 lt.
1383 2561 1410 2600 Ε.
1435 2558 1620 2604 cardinalibus
1646 2570 1661 2603 a
1685 2557 1802 2604 Summis

1051 2625 1221 2670 Pontificibus
1239 2625 1421 2682 deputandus:
1442 2625 1486 2681 qui
1507 2629 1596 2670 tamen
1612 2630 1740 2682 patronus
1756 2637 1802 2670 nec

1051 2693 1171 2737 relaxare
1185 2691 1388 2736 coristitntiones
1402 2692 1458 2746 has,
1474 2703 1520 2736 nec
1534 2692 1675 2738 alienanda
1690 2694 1730 2737 vei
1747 2703 1803 2749 peu·-

1052 2759 1179 2804 mutanda
1194 2759 1297 2812 collegii
1313 2760 1380 2804 bona
1396 2760 1561 2814 permittere,
1573 2771 1620 2804 nec
1630 2760 1802 2816 imponendae

1049 2826 1239 2882 cuiuscumque
1258 2827 1396 2870 servitutis
1415 2826 1567 2871 securitatem
1584 2827 1672 2882 alicui,
1688 2828 1744 2872 sine
1759 2839 1803 2872 ex·

1052 2903 1142 2948 pressa
1158 2893 1258 2938 Suunrrni
1275 2892 1407 2938 Pontilicis
1421 2893 1540 2948 licentia,
1553 2894 1671 2939 tribuere
1682 2894 1788 2950 poterit.

1348 3017 1446 3058 CAPUT
1462 3019 1503 3060 iti.

1157 3114 1189 3153 lte
1203 3115 1292 3162 caletis·
1306 3115 1329 3152 et
1344 3114 1488 3163 uttsctpttna
1511 3115 1699 3157 atsututnorum.

1092 3230 1185 3274 Nullus
1204 3231 1313 3276 omnino
1332 3231 1457 3275 alumnus
1474 3231 1499 3276 in
1516 3231 1627 3286 collegio
1641 3230 1802 3286 detineatur,

1051 3297 1127 3342 cuius
1146 3298 1253 3342 suturae
1272 3297 1433 3344 christianae
1453 3299 1561 3354 pietatis
1576 3299 1735 3356 significatio
1750 3311 1801 3344 non

1052 3369 1131 3420 extet,
1152 3377 1184 3409 ne
1205 3366 1247 3409 cui
1271 3366 1391 3410 morbum
1415 3366 1517 3410 inhalet
1540 3379 1627 3412 snum.
1649 3367 1748 3412 idcirco
1766 3379 1803 3412 se·

1052 3431 1091 3477 rio
1112 3435 1234 3484 curetur,
1250 3443 1282 3476 ne
1301 3431 1346 3487 qui
1366 3431 1527 3483 imiusmodi,
1543 3443 1588 3477 seu
1605 3437 1667 3478 ante
1683 3444 1729 3478 seu
1745 3437 1803 3490 post

1051 3499 1210 3554 praestitum
1227 3498 1417 3552 iuramentum,
1431 3500 1527 3544 detecti
1540 3499 1648 3554 fuerint,
1657 3499 1702 3545 diu
1715 3499 1741 3544 in
1754 3501 1800 3546 illo

1052 3575 1207 3621 permanere
1226 3565 1366 3620 sinantur,
1385 3567 1604 3622 quemadmodum
1625 3578 1673 3612 nec
1692 3567 1730 3611 illi
1746 3578 1804 3623 pet·-

1053 3637 1192 3686 maneant,
1213 3644 1243 3676 er
1267 3633 1362 3688 quibus
1387 3633 1505 3678 modicus
1532 3634 1558 3678 in
1583 3633 1681 3678 litteris
1704 3634 1803 3690 poterit

1051 3700 1181 3755 augurari
1197 3711 1360 3756 progressus,
1380 3701 1434 3753 nbi,
1453 3701 1563 3754 scilicet,
1584 3701 1721 3758 incapaces
1736 3702 1802 3748 satis

1052 3765 1180 3823 comperti
1196 3767 1301 3812 suerint.
1318 3767 1382 3822 illis,
1397 3769 1443 3825 qui
1453 3779 1552 3814 annum
1564 3769 1661 3814 aetatis
1672 3780 1736 3815 suae
1746 3781 1801 3815 xuv.

1051 3833 1251 3890 compleverint,
1266 3833 1362 3892 quique
1374 3841 1529 3880 semestrem
1540 3835 1567 3879 in
1577 3835 1689 3892 collegio
1700 3847 1801 3883 moram

1052 3900 1193 3954 traxerint,
1208 3901 1388 3946 iuramentum
1405 3913 1436 3946 ex
1450 3903 1513 3947 data
1528 3903 1642 3947 formula
1656 3902 1799 3954 deteratur:

1053 3971 1079 4012 et
1097 3968 1311 4014 animadvertant
1330 3967 1349 4012 ιι
1369 3968 1491 4025 serioque
1510 3970 1660 4024 recogitent
1679 3970 1742 4026 quid
1764 3971 1802 4016 iu-

1053 4036 1135 4081 rando
1155 4036 1331 4092 promittuut:
1347 4036 1495 4088 obseruare,
1510 4037 1619 4092 scilicet,
1635 4037 1801 4093 institutum,

1052 4113 1188 4160 quousque
1200 4102 1263 4147 inibi
1274 4103 1478 4159 permanserint,
1488 4104 1744 4161 constitutionesque
1753 4107 1803 4151 col·

1052 4169 1123 4225 legii,
1144 4169 1218 4215 iuxta
1242 4171 1355 4214 mentem
1378 4170 1591 4226 praepositorum
1611 4171 1697 4216 illius:
1717 4173 1799 4219 vitam

1052 4237 1140 4281 vivere
1150 4237 1246 4282 ceteris
1257 4237 1374 4282 alumnis
1388 4247 1564 4292 communem,
1575 4240 1733 4294 praesertim
1749 4252 1802 4297 qna

1053 4304 1160 4358 victum,
1171 4304 1363 4348 habitationem
1378 4307 1458 4360 atque
1470 4305 1595 4350 vestitum
1606 4309 1720 4362 spectat:
1737 4319 1801 4352 neve

1051 4371 1113 4426 quid
1141 4373 1233 4415 contra
1259 4370 1422 4428 praepositos
1450 4371 1611 4426 moliantur,
1636 4377 1685 4418 aut
1709 4377 1803 4420 contra

1052 4436 1136 4493 ipsius
1154 4438 1260 4492 collegii
1281 4438 1452 4490 institutum:
1469 4439 1552 4495 siqui
1573 4449 1634 4484 vero
1650 4441 1802 4486 huiusmodi

1053 4505 1233 4552 iuramentum
1250 4513 1385 4561 praestare
1396 4507 1611 4559 detrectaverint,
1623 4508 1718 4552 solutis
1728 4508 1802 4565 prins

1051 4573 1188 4618 alimentis
1203 4571 1251 4617 sibi
1268 4576 1323 4618 toto
1338 4585 1402 4618 sutae
1418 4584 1507 4619 morae
1523 4579 1641 4631 tempore
1656 4576 1803 4631 praestitis,

1052 4640 1214 4686 dimittatur.
1235 4641 1400 4696 Praecipiunt·
1414 4641 1495 4686 etiam
1510 4642 1637 4694 alumnis,
1652 4647 1690 4697 ut,
1706 4643 1760 4689 aive
1775 4643 1803 4688 in

1052 4707 1165 4753 sedendo
1180 4708 1206 4752 in
1222 4709 1311 4754 schola
1331 4719 1377 4753 seu
1391 4708 1465 4762 alibi,
1480 4709 1535 4754 sive
1550 4709 1636 4754 eundo
1650 4711 1804 4767 agendoque

1053 4775 1093 4820 vel
1112 4776 1186 4820 intus
1207 4777 1245 4819 vel
1267 4781 1342 4821 extra
1361 4775 1512 4831 collegium,
1533 4787 1597 4822 suae
1612 4777 1723 4833 quisque
1738 4778 1803 4823 inte-

1052 4841 1161 4898 gritatis
1180 4845 1208 4887 et
1227 4843 1371 4888 modestiae
1390 4844 1539 4900 exemplum
1559 4842 1665 4900 ingerat
1689 4845 1714 4888 in
1730 4846 1803 4891 soda-

1051 4909 1113 4962 lem,
1129 4921 1156 4954 se
1171 4921 1274 4966 qnoque
1290 4914 1383 4955 mutuo
1397 4911 1429 4956 ad
1448 4911 1592 4957 modestiae
1604 4916 1630 4957 et
1640 4912 1804 4958 christianae

1053 4975 1161 5031 pietatis
1176 4987 1288 5021 canones
1299 4975 1512 5032 praevenientes:
1523 4983 1550 5022 et
1560 4979 1685 5034 qnoniam
1697 4989 1741 5024 eos
1752 4991 1801 5024 uon
1867 5007 1869 5013 ι

1052 5041 1135 5088 solam
1151 5042 1277 5098 pietatem
1293 5049 1321 5087 et
1335 5043 1416 5088 bonas
1440 5043 1553 5096 litteras,
1569 5044 1710 5091 sedetiam
1728 5046 1803 5092 urba·

1052 5108 1164 5154 nitatem
1183 5109 1210 5154 in
1229 5109 1341 5166 collegio
1359 5110 1483 5167 consequi
1502 5111 1589 5166 decet,
1611 5112 1707 5157 idcirco
1727 5123 1804 5158 nemo

1051 5176 1157 5230 audeat,
1177 5187 1209 5221 ne
1228 5176 1313 5222 iocose
1332 5177 1448 5232 quidem,
1467 5179 1583 5223 sodalem
1604 5180 1725 5224 manibus
1746 5183 1803 5225 tan·

1052 5253 1128 5299 gere:
1145 5245 1230 5300 etqui
1245 5255 1321 5289 secus
1342 5243 1441 5298 iecerit,
1461 5244 1580 5300 graviter
1600 5245 1741 5302 puniatur:
1756 5247 1803 5291 ubi

1053 5321 1114 5354 vero
1132 5310 1193 5367 quis
1211 5311 1326 5355 sodalem
1347 5323 1425 5356 suum
1445 5311 1528 5366 gravi,
1548 5312 1677 5368 praeside,
1692 5313 1802 5368 scilicet,

1052 5377 1125 5422 iilam
1148 5377 1184 5422 sic
1205 5381 1341 5431 censente,
1365 5377 1465 5424 iniuria
1489 5379 1619 5430 affecerit,
1641 5380 1803 5436 percusserit

1051 5449 1098 5489 aut
1114 5443 1299 5498 vulneraverit,
1309 5445 1419 5502 collegio
1431 5445 1588 5502 expellatur.
1601 5447 1749 5504 Numquam
1759 5459 1804 5492 ex·

1052 5517 1095 5558 tra
1109 5513 1260 5569 collegium,
1271 5513 1322 5558 niti
1337 5513 1513 5570 aegritudinis
1528 5525 1617 5568 cansa,
1632 5517 1803 5570 pernoctent:

1052 5585 1079 5624 et
1094 5579 1187 5624 hoerle
1201 5581 1264 5626 solis
1286 5580 1387 5626 civibus
1405 5580 1593 5626 Ullanenslbns
1613 5581 1727 5638 aliisque
1741 5580 1802 5626 vici·

1053 5647 1158 5691 nicrum
1173 5645 1301 5700 locorum,
1317 5657 1348 5691 ne
1363 5646 1464 5691 scilicet
1479 5646 1506 5691 in
1522 5647 1636 5704 propriis
1646 5650 1802 5704 pernoctent

1052 5713 1182 5767 domibus,
1197 5717 1330 5758 statutum
1345 5711 1523 5770 intelligatur.
1540 5717 1662 5760 ceterum
1679 5715 1742 5772 ipsis
1756 5715 1805 5760 hoc

1052 5780 1131 5834 idem,
1146 5781 1318 5837 permittente
1332 5787 1444 5834 rectore,
1455 5781 1493 5826 ias
1504 5785 1569 5828 esto.
1580 5782 1699 5832 Quandin
1710 5787 1801 5827 autem

1052 5853 1128 5894 extra
1148 5847 1299 5903 collegium,
1314 5859 1361 5893 seu
1384 5848 1562 5904 aegritudinis
1577 5845 1673 5894 cauisse
1687 5861 1733 5894 seu
1748 5849 1805 5896 alia

1052 5925 1135 5971 aeque
1150 5915 1234 5970 graui,
1249 5914 1379 5970 degerint.
1394 5914 1420 5958 ιιι
1436 5913 1527 5958 debita
1541 5926 1569 5959 se
1585 5913 1713 5960 modestia
1723 5915 1805 5960 conti·

1055 5988 1141 6037 noant,
1156 5992 1223 6038 quae
1239 5982 1264 6026 in
1281 5983 1336 6028 suis
1350 5982 1478 6037 cuiusque
1494 5981 1613 6026 moribus
1628 5983 1805 6040 operibusque

1727 581 1782 640 titt
1840 577 1891 634 An.
1906 578 1934 636 C.
1950 577 2017 633 rust
