4814 6992
914 635 1107 686 atexnrtbstt
1130 637 1181 682 PP.
1205 636 1261 682 vti.

306 765 504 842 agendarum
527 766 650 844 peritia,
685 765 876 829 dexteritate
898 769 931 825 et
952 760 1058 824 catho-

308 859 385 922 licae
405 859 571 937 religionis
587 861 658 924 zelo
680 861 857 938 plurimum
873 860 905 920 in
920 858 1057 920 Domino

307 953 429 1025 contisi,
446 955 485 1017 de
501 969 575 1017 von.
593 955 683 1017 iratr.
702 960 889 1017 nostrorum
912 952 943 1016 S.
965 953 1000 1016 li.
1015 953 1054 1016 E.

308 1046 534 1120 Cardinalium,
563 1049 694 1126 negotio
722 1048 947 1126 Propagandae
968 1047 1056 1110 Eidei

309 1141 581 1218 praepositorum,
616 1142 766 1214 consilio,
797 1142 854 1204 tibi
882 1157 940 1220 per
970 1157 1056 1220 prae-

308 1241 414 1296 sentes
445 1235 678 1298 committimus
700 1241 732 1298 et
753 1236 956 1308 mandamus,
981 1251 1056 1313 qua-

308 1335 401 1388 tenus
423 1335 465 1400 te,
489 1344 646 1390 unacum
670 1329 795 1392 duobus
809 1329 861 1391 vel
884 1331 985 1392 tribus
1007 1347 1056 1392 so-

307 1421 362 1481 ciis
385 1421 440 1482 tibi
470 1421 590 1499 placitis
613 1429 645 1484 et
668 1423 785 1499 gratis,
809 1423 845 1484 ad
869 1430 974 1502 partes
1004 1440 1055 1485 su·

308 1515 460 1591 predictas
482 1516 640 1588 conleras,
664 1533 698 1578 ac
723 1533 821 1595 super
854 1516 1002 1579 omnibns
1024 1524 1056 1578 et

306 1608 440 1686 singuiis
465 1609 647 1688 praemissis
680 1625 771 1672 veras
804 1610 875 1673 lacti
904 1611 1055 1673 inlorma-

305 1701 407 1764 tiones
435 1709 642 1780 exactamque
672 1704 917 1766 instructionem
948 1720 1054 1768 sumas

306 1802 339 1856 et
359 1796 521 1873 capias-ac
537 1811 722 1874 processum
737 1813 794 1858 seu
817 1813 985 1874 processus
1002 1799 1054 1861 de·

304 1904 401 1967 super
423 1887 557 1952 labrices
581 1896 613 1951 et
634 1890 793 1952 coniicias.

345 1981 412 2057 §2-
437 1981 553 2044 Dentes
575 1981 632 2044 tibi
645 1997 884 2061 quamcumque
912 1999 1050 2046 necessa·

304 2076 383 2136 riam
406 2083 439 2137 et
459 2085 672 2154 opportunam
696 2077 878 2140 lacultatem
905 2095 977 2142 cum
1000 2096 1051 2142 eo-

304 2170 377 2231 dem
400 2169 532 2241 Thema,
556 2170 700 2246 eiusque
717 2172 906 2248 sequacibus
928 2172 1052 2236 clericis

304 2272 338 2326 et
358 2265 441 2327 laicis
463 2264 678 2340 quibuslibet,
707 2264 809 2330 libere
832 2274 864 2328 et
891 2267 994 2338 licite,
1019 2286 1053 2330 ac

302 2358 422 2436 absque
444 2358 586 2420 cuiusvis
607 2375 761 2420 censurae
783 2361 837 2422 vel
859 2377 981 2440 poenae
1004 2379 1052 2425 ec·

302 2451 494 2514 clesiasticae
516 2453 659 2524 incursu,
680 2453 736 2514 ubi
751 2460 784 2514 et
798 2455 935 2530 quando,
960 2462 993 2517 et
1008 2463 1052 2519 to-

303 2545 361 2607 ties
381 2547 507 2623 quoties
535 2546 566 2607 in
589 2546 725 2608 Domino
754 2548 907 2626 expedire
937 2548 1052 2611 iudica-

301 2639 400 2710 veris,
424 2655 522 2718 super
543 2655 657 2702 eorum
681 2641 872 2703 reductione
904 2642 939 2704 ad
963 2659 1051 2721 prae-

301 2734 376 2796 dicti
398 2733 635 2812 hrchiepiscopi
664 2733 878 2797 obedientiam
908 2753 1052 2800 commu-

301 2828 427 2890 nicandi
448 2835 481 2890 et
503 2828 674 2900 tractandi,
701 2828 873 2908 ipsumque
896 2829 1050 2893 Thomam

302 2923 425 2984 eteius
457 2937 608 3000 sequaces
637 2922 673 2984 ad
700 2923 914 2986 obedientiam
945 2925 1051 2988 huius-

302 3016 405 3090 modi,
443 3015 569 3093 quoties
603 3031 683 3093 opus
715 3015 834 3088 luerit,
871 3019 1051 3095 respective

300 3110 489 3171 auctoritate
518 3114 625 3170 nostra
654 3109 824 3186 apostolica
856 3111 1049 3184 reducendi,

300 3211 345 3275 et,
363 3204 388 3264 si
404 3203 464 3265 hoc
485 3219 502 3264 a
524 3208 555 3264 te
577 3201 745 3264 humiliter
766 3203 929 3280 petierint,
950 3205 1049 3282 impo-

300 3297 359 3358 sita
381 3296 426 3358 eis
448 3303 615 3358 eteorum
638 3295 770 3358 cuilibet
788 3298 984 3376 poenitentia
1005 3316 1050 3361 sa-

301 3390 407 3462 lutari,
427 3405 553 3452 necnon
575 3394 706 3467 recepto
728 3389 766 3450 ab
788 3390 833 3450 eis
855 3391 1048 3466 iuramento,

301 3485 386 3561 quod
402 3483 441 3545 de
456 3489 583 3544 caetero
598 3482 713 3544 similia
726 3498 790 3544 non
806 3485 1048 3562 perpetrabunt,

300 3595 316 3638 a
339 3578 575 3656 praedictorum
597 3591 787 3638 excessuum
818 3585 919 3650 reatu,
943 3595 958 3639 a
982 3580 1051 3657 qui·

299 3673 410 3734 husvis
438 3671 795 3744 excommunicationis,
830 3675 1050 3751 suspensionis

301 3773 335 3828 et
348 3766 520 3836 interdicti,
538 3764 673 3842 aliisque
687 3765 908 3828 ecclesiasticis
921 3775 1050 3830 seuten-

301 3859 364 3931 tiis‚
387 3858 532 3922 censuris
547 3865 580 3920 et
593 3858 716 3936 poenis,
734 3873 792 3936 per
803 3874 858 3920 eos
881 3867 913 3922 et
934 3877 1049 3924 eorum

300 3953 480 4031 quemlibet
498 3952 746 4032 praemissorum
763 3953 927 4015 occasione
942 3971 1050 4034 respe-

300 4049 384 4110 ctive
410 4045 563 4118 incursis,
594 4047 704 4109 eadem
734 4048 922 4110 auctoritate
948 4049 1049 4112 absol·

300 4143 396 4204 vendi
425 4149 458 4204 et
485 4141 627 4220 plenarie
660 4141 831 4213 liberandi,
862 4141 989 4218 illisque
1018 4149 1050 4206 et

300 4251 413 4298 eorum
429 4234 561 4298 cuilibet
575 4249 691 4313 poenas
706 4234 890 4296 huiusmodi
910 4235 1049 4312 gratiose

299 4327 487 4392 remittendi
509 4333 541 4389 et
562 4325 782 4399 condonandi,
806 4344 840 4390 ac
862 4343 916 4389 eos
943 4335 975 4390 et
996 4345 1048 4391 eo·

279 4437 372 4483 'rum
395 4420 574 4499 quemlibet
595 4421 628 4481 in
651 4421 832 4498 pristinum,
857 4429 889 4483 et
910 4422 943 4482 in
959 4437 1046 4493 eum,

299 4515 418 4592 inquo
439 4521 512 4576 ante
536 4514 713 4592 praedictos
745 4530 894 4578 excessus
915 4529 1048 4592 quomo-

300 4609 420 4670 dolibet
442 4615 543 4680 erant,
567 4615 685 4670 statum
708 4607 911 4681 restituendi,
936 4615 968 4672 et
982 4609 1048 4686 ple-

299 4702 388 4764 narie
409 4702 640 4780 reintegrandi,
657 4718 692 4763 ac
706 4701 743 4763 ad
759 4703 922 4778 gremium
938 4702 970 4765 S.
989 4703 1048 4766 lla-

301 4797 357 4859 tris
377 4796 537 4859 Romanae
556 4795 726 4866 Ecclesiae,
750 4795 831 4857 dicta
846 4797 1045 4868 auctoritate,

298 4891 486 4969 recipiendi,
509 4889 634 4966 aliaque
649 4889 684 4951 ad
701 4889 730 4950 id
748 4890 924 4952 necessaria
947 4897 979 4952 et
995 4905 1048 4970 op

300 4992 437 5063 portnna
458 4983 590 5060 agendi,
624 4982 759 5045 laciendi
789 4991 820 5046 et
852 4983 1045 5060 exequendi,

299 5085 396 5156 prout
415 5093 469 5140 res
490 5078 556 5156 ipsa
587 5077 744 5154 exegerit,
774 5077 908 5138 servatis
940 5083 1047 5140 tamen

299 5189 427 5252 semper
448 5171 716 5235 constitutionum
748 5171 994 5250 apostolicarum
1017 5181 1050 5236 et

299 5265 508 5328 conciliorum
531 5265 732 5342 generalium
755 5281 986 5342 sacrorumque
1000 5284 1048 5328 ca·

299 5375 421 5421 nonum
443 5359 717 5437 dispositionibus.

340 5453 358 5528 ἓ
378 5454 407 5515 3.
431 5451 502 5515 Non
524 5453 724 5514 obstantibus
746 5451 800 5515 iel.
833 5453 959 5515 record.
990 5453 1047 5515 Bo-

299 5546 404 5610 nilaeii
426 5547 525 5626 Papae
547 5545 625 5608 lllll.
658 5547 910 5625 praedecessoris
932 5547 1045 5618 nostri,

299 5639 422 5704 deuna
455 5648 487 5703 et
508 5641 634 5704 concilii
666 5641 826 5718 generalis
858 5641 897 5703 de
926 5640 1047 5704 duabus

299 5733 404 5808 dietis,
417 5734 552 5813 aliisque
564 5735 754 5814 apostolicis
768 5751 802 5797 ac
814 5734 847 5796 in
858 5733 1047 5796 universali-

299 5828 369 5900 bus,
381 5828 694 5908 provincialibusque
709 5835 742 5889 et
753 5827 959 5906 synodalibus
974 5841 1045 5888 con-

1112 759 1344 844 stitutionibus¹
1363 767 1395 822 et
1420 761 1694 834 ordinationibus,
1723 777 1861 834 necnon,

1114 863 1271 934 quatenus
1301 871 1380 934 opus
1401 854 1459 926 sit,
1483 861 1679 917 memoratae
1707 853 1863 933 hngama-

1113 951 1211 1014 lensis
1234 959 1266 1013 et
1287 950 1421 1013 aliarum
1444 949 1632 1026 quarumvis
1655 949 1860 1012 ecclesiarum

1113 1053 1145 1107 et
1166 1045 1323 1118 locorum,
1347 1045 1442 1106 etiam
1470 1043 1664 1115 iuramento,
1695 1043 1862 1106 conflrma-

1113 1140 1200 1202 tione
1221 1139 1390 1218 apostolica
1412 1139 1464 1201 vel
1488 1138 1598 1216 quavis
1630 1137 1783 1200 firmitate
1804 1136 1862 1198 alia

1112 1233 1288 1306 roboratis,
1322 1233 1448 1294 statutis
1484 1239 1516 1294 et
1550 1230 1860 1302 consuetudinibus,

1112 1327 1290 1405 privilegiis
1311 1341 1461 1404 quoque,
1486 1325 1618 1387 indultis
1641 1331 1673 1386 et
1695 1323 1811 1386 litteris
1832 1341 1862 1385 a·

1112 1420 1272 1498 postolicis
1309 1420 1341 1481 in
1376 1419 1573 1482 contrarium
1609 1418 1860 1498 praemissorum
1931 1499 1934 1504 Ι

1111 1513 1355 1590 quomodolibet
1375 1512 1543 1583 concessis,
1560 1511 1757 1574 conlirmatis
1773 1519 1805 1574 et
1816 1514 1863 1575 in·

1112 1608 1251 1679 novatis,
1275 1607 1392 1684 quibus
1414 1605 1564 1668 omnibus
1580 1612 1612 1667 et
1627 1605 1775 1682 singulis,
1792 1605 1862 1668 illo-

1110 1717 1183 1762 rum
1215 1710 1344 1762 tenores
1372 1699 1593 1777 praesentibus
1621 1715 1680 1778 pro
1707 1699 1802 1778 plene
1831 1707 1863 1762 et

1110 1794 1306 1857 sufficienter
1322 1794 1481 1872 expressis
1496 1811 1530 1855 ac
1552 1793 1592 1855 de
1614 1793 1716 1854 verbo
1738 1795 1775 1856 ad
1790 1809 1862 1856 ver-

1110 1889 1187 1950 bum
1209 1888 1339 1950 insertis
1361 1885 1534 1960 habentes,
1557 1887 1621 1948 illis
1651 1887 1726 1949 alias
1748 1887 1780 1949 in
1803 1905 1862 1952 suo

1109 1982 1227 2044 robore
1263 1981 1504 2060 permansuris,
1538 1979 1575 2042 ad
1609 1981 1860 2058 praemissorum

1109 2074 1259 2137 ellectum
1291 2073 1474 2152 specialiter
1496 2081 1528 2136 et
1549 2089 1702 2153 expresse
1728 2076 1861 2153 deroga·

1109 2183 1203 2242 mus3
1240 2167 1422 2244 ceterisque
1453 2167 1621 2230 contrariis
1654 2168 1859 2245 quibuscum-

1109 2277 1183 2339 que.

1149 2353 1261 2416 Datum
1278 2354 1408 2426 Rornae,
1423 2354 1505 2432 apud
1522 2351 1553 2415 S.
1571 2353 1714 2428 Petrum,
1732 2356 1792 2418 sub
1807 2374 1860 2418 an·

1109 2448 1185 2510 nulo
1208 2447 1392 2518 Piscatoris,
1423 2446 1475 2508 die
1503 2462 1591 2508 xxiv.
1619 2447 1680 2508 ian.
1712 2465 1856 2523 unonvr„

1108 2542 1312 2620 pontificatus
1334 2539 1437 2602 nostri
1458 2556 1542 2602 anno
1564 2556 1585 2600 1.

1458 2823 1511 2887 lv.

1107 3013 1331 3078 Hortatortsm
1357 3011 1509 3082 Thomas,
1540 3011 1768 3076 archidiacono
1795 3015 1858 3076 dn·

1146 3107 1335 3188 pomolensi,
1363 3106 1418 3184 qai
1442 3103 1481 3170 ab
1513 3101 1691 3168 obedientie
1719 3108 1771 3169 sni
1801 3109 1857 3168 Ar-

1147 3199 1337 3280 chicpv'scopi
1357 3205 1541 3262 recesserat.

1303 3385 1421 3452 [illecto
1442 3385 1507 3452 tilio
1530 3381 1672 3465 lhonrae,

1152 3480 1366 3548 archidiacono
1390 3477 1552 3545 Ecclesiae
1576 3480 1834 3573 hnqarnalensis¹

1372 3589 1427 3640 seu
1459 3570 1588 3652 serrae,

1281 3757 1517 3828 ltfixlttttfitt
1543 3759 1604 3827 ΡΡ.
1630 3759 1686 3828 vlt.

1386 3947 1502 4016 bttecte
1521 3948 1575 4028 iili,

1154 4045 1283 4113 salutent
1306 4048 1337 4109 et
1359 4047 1461 4126 apost.
1486 4041 1727 4110 benedictionem
1748 4045 1805 4129 (l).

1144 4235 1192 4298 hd
1206 4249 1299 4296 aures
1315 4237 1450 4311 nostras,
1468 4233 1670 4308 quorundam
1686 4233 1854 4308 relatione,

1104 4327 1273 4408 pervenit,
1308 4325 1480 4388 Ecclesiam
1509 4323 1775 4402 hngamatensen
1809 4329 1856 4389 in-

1106 4430 1235 4500 gentem
1259 4437 1392 4483 excesso
1416 4427 1471 4482 tuo
1493 4435 1616 4497 passam
1648 4435 1720 4482 esse
1742 4422 1855 4484 scissu-

1104 4533 1184 4579 ram.
1208 4515 1358 4577 Eatemur
1380 4529 1438 4576 nos
1461 4513 1521 4576 hoc
1543 4514 1656 4576 nuntio
1677 4515 1855 4578 vehemen-

1105 4619 1153 4674 ter
1176 4627 1246 4672 esse
1268 4615 1469 4674 commotos:
1492 4607 1547 4668 vix
1569 4615 1689 4681 autem,
1712 4609 1779 4672 imo
1800 4626 1855 4672 ne·

1105 4719 1264 4782 quaquam
1286 4702 1398 4764 adduci
1422 4717 1529 4780 posse,
1553 4707 1589 4763 ut
1612 4703 1780 4764 credamus
1803 4711 1852 4776 te,

1104 4813 1201 4877 quem
1224 4798 1323 4874 quieti
1347 4803 1378 4858 et
1399 4797 1511 4858 unioni
1527 4796 1672 4858 eiusdem
1694 4795 1855 4860 Ecclesiae

1104 4909 1144 4955 ex
1159 4891 1366 4953 incumbente
1382 4888 1439 4950 tibi
1455 4889 1726 4952 archidiaconatus
1742 4905 1855 4952 mune·

1104 5001 1150 5058 re,
1164 4993 1325 5061 tamquam
1345 4981 1583 5059 hrchiepiscopi
1604 4982 1744 5054 oculum,
1766 4983 1854 5044 omni

1103 5079 1210 5142 studio
1233 5075 1412 5146 intendere,
1428 5081 1460 5136 et
1474 5073 1618 5136 eiusdem
1635 5073 1854 5154 hrchiepisco·

1104 5173 1146 5250 pi,
1171 5169 1303 5250 pastoris
1326 5167 1383 5240 tui,
1408 5183 1466 5246 pro
1488 5167 1660 5228 commisso
1675 5166 1735 5228 sibi
1754 5183 1854 5246 grege

1104 5263 1299 5343 vigilantiam
1323 5277 1381 5339 pro
1402 5259 1527 5322 viribus
1541 5259 1691 5323 adiuvare
1714 5268 1851 5338 oportet,

1103 5359 1145 5420 ita
1166 5357 1266 5420 luisse
1288 5345 1436 5434 propriae
1461 5353 1570 5416 salutis
1593 5364 1625 5415 et
1647 5353 1854 5416 existimatio-

1103 5451 1151 5513 nis
1185 5451 1425 5520 immemorem,
1449 5454 1486 5509 ut
1507 5447 1627 5510 nedum
1660 5453 1693 5508 tu
1719 5445 1758 5508 ab
1781 5447 1854 5509 obe-

1104 5545 1221 5608 dientia
1243 5543 1329 5604 illius
1352 5549 1475 5604 temere
1497 5541 1661 5612 recedere,
1684 5540 1852 5602 sedetiam

1103 5638 1240 5700 aliorum
1254 5636 1422 5714 ingentem
1435 5634 1676 5696 multitudinem
1690 5634 1728 5695 ab
1741 5635 1852 5696 eadem

1104 5730 1283 5793 distrahere
1306 5727 1477 5791 damnabili
1503 5726 1765 5805 praesumptione
1787 5725 1854 5788 iue-

1105 5824 1148 5885 ris
1170 5839 1284 5899 ausus;
1319 5821 1487 5899 multoque
1516 5821 1623 5884 minus
1646 5821 1742 5883 fldem
1765 5835 1853 5899 prae-

806 5965 871 5971 ——.
878 5961 1337 5972 ..-..--.---.-.—u-.....—-„—-

341 6045 370 6098 (l)
385 6042 548 6099 coqnelines,
563 6041 611 6086 loc.
625 6040 679 6095 sih,
696 6043 758 6084 tom.
774 6042 823 6093 v1.,
838 6049 899 6096 pers
914 6041 962 6092 lv„
978 6048 1035 6095 pag.
1050 6040 1085 6082 89.

406 6165 463 6207 [rer.
481 6167 555 6206 Ponet.
572 6165 604 6204 de
618 6165 699 6213 l’rop.
715 6163 779 6204 Ftde
792 6159 879 6204 l’atxtis
894 6163 912 6202 l.
928 6159 981 6202 Vol.
999 6161 1048 6202 Vll.

1804 617 1843 682 33
1903 614 1952 674 An.
1968 619 1995 676 G.
2011 615 2079 675 1656
