4756 6994
83 1489 106 1533 llis
116 1483 180 1528 literis
193 1480 217 1523 a·

87 1539 168 1592 ...bique
180 1534 216 1578 mi·

86 1603 148 1638 villis.

80 2707 125 2742 tauro
139 2699 176 2742 bus
188 2697 215 2741 li·

71 2767 103 2798 ae.
116 2753 215 2806 intringe-

70 2807 159 2850 r-audeal.

827 602 1024 648 subauratus
1047 603 1096 648 ΡΡ.
1122 603 1191 650 xtlt.

235 731 320 792 lione
343 725 509 786 lirmamus
530 731 626 802 atque
641 725 857 795 decernimus,
875 725 915 786 ob
930 741 982 786 cu-

235 826 281 884 ius
293 823 419 901 plenam
434 819 674 898 perfectamque
687 818 923 881 observantiam
937 819 982 879 in-

234 918 398 994 iungimus
420 914 660 976 venerabilibus
680 913 831 975 iratribus
851 915 982 977 Patriar-

233 1011 312 1081 cbis,
329 1008 594 1088 archiepiscopis,
616 1007 780 1085 Episcopis
802 1017 833 1070 et
855 1025 982 1070 eorum-

233 1106 306 1166 dem
329 1105 454 1166 vicariis
477 1111 509 1165 et
530 1102 697 1174 ministris,
721 1109 767 1172 ut,
792 1119 849 1182 pro
865 1104 983 1165 borum

234 1199 379 1260 omnium
401 1197 496 1275 plena
517 1195 708 1259 executione
732 1197 859 1268 tuenda,
878 1207 982 1260 aucto-

234 1293 326 1353 ritate
342 1307 397 1351 sua
413 1289 560 1367 vigilent,
578 1289 724 1352 invocato
740 1290 847 1362 etiam,
861 1291 887 1351 si
904 1307 983 1369 opus

234 1384 343 1456 luerit,
366 1383 402 1446 ad
426 1383 486 1444 boo
507 1383 626 1444 auxilio
653 1382 772 1445 brachii
798 1384 980 1446 saecularis.

273 1480 293 1554 ἓ
310 1477 339 1538 8.
354 1477 512 1539 Volumus
526 1480 643 1556 pariter
656 1485 691 1538 ut
703 1478 920 1554 praesentium
932 1479 983 1540 lit-

235 1581 376 1635 terarum
400 1571 608 1649 transumptis
627 1587 683 1632 seu
700 1571 868 1649 exemplis,
886 1573 981 1635 etiarn

233 1667 416 1743 impressis,
448 1681 544 1727 manu
572 1663 704 1726 alicuius
733 1680 772 1726 en
802 1667 982 1729 secretariis

233 1760 373 1822 ministri
408 1761 461 1822 vel
496 1758 712 1836 procuratoris
748 1761 907 1836 generalis
937 1761 982 1822 di·

232 1854 273 1915 cti
306 1851 432 1914 Ordinis
468 1851 603 1913 iratrum
641 1851 799 1913 Minorem
836 1853 982 1914 Conven-

233 1947 366 2008 tualium
390 1953 444 2007 aut
466 1945 580 2006 notarii
604 1945 720 2022 publici
743 1945 931 2022 subscriptis
950 1955 981 2008 et

232 2039 340 2116 sigillo
363 2039 455 2100 oliicii
489 2039 634 2099 eiusdem
659 2038 796 2100 ministri
826 2039 877 2100 vel
911 2055 982 2116 pro-

232 2134 390 2194 curatoris
412 2133 572 2209 generalis
594 2132 693 2210 ipsius
715 2130 840 2194 Ordinis
863 2133 914 2195 vel
930 2150 982 2194 cu-

233 2228 423 2304 iuscumque
453 2241 608 2304 personae
640 2225 671 2287 in
699 2226 910 2288 ecclesiastica
938 2227 982 2288 di-

233 2321 355 2400 gnitate
377 2321 566 2382 constitutae
592 2320 735 2392 munitis,
759 2321 870 2382 eadem
894 2337 982 2398 pror-

232 2431 288 2475 sus
312 2415 389 2476 tides
412 2415 444 2475 in
466 2413 583 2475 iudicio
606 2422 637 2474 et
659 2423 749 2476 extra
781 2415 981 2484 adhibeatur,

232 2523 315 2585 quae
347 2507 569 2586 praesentibus
597 2507 673 2585 ipsis
701 2508 926 2578 adhiberetur,
957 2507 983 2568 si

234 2599 341 2663 lorent
364 2600 526 2662 exhibitae
548 2600 600 2662 vel
621 2607 776 2663 ostensae.

273 2697 293 2770 5
314 2693 343 2756 9.
367 2693 454 2756 Nulli
470 2710 549 2770 ergo
562 2693 694 2756 omnino
708 2693 875 2756 bominum
893 2695 982 2758 liceat

234 2789 315 2850 banc
337 2787 482 2866 paginam
506 2795 633 2848 nostrae
655 2789 902 2865 approbationis,
931 2791 983 2874 de3

233 2883 426 2953 clarationis,
459 2881 722 2952 confirmationis,
754 2882 981 2954 innovationis,

233 2976 461 3048 concessionis,
476 2977 608 3046 decreti,
623 2975 808 3048 voluntatis,
824 2977 983 3055 praecepti

234 3077 266 3131 et
289 3069 505 3147 derogationis
528 3068 718 3145 intringere,
735 3077 789 3130 aut
804 3071 832 3130 ei
850 3079 984 3133 temera-

234 3165 284 3224 rio
306 3181 384 3224 ausu
406 3163 583 3236 contraire;
608 3162 632 3222 si
656 3163 727 3238 quis
743 3171 849 3225 autem
868 3165 926 3226 lroc
941 3173 984 3227 at-

236 3265 360 3322 tentare
373 3257 635 3335 praesumpserit,
649 3256 899 3333 indignationem
918 3276 984 3320 om·

234 3352 410 3429 nipotentis
433 3351 486 3411 liei
509 3368 543 3412 aa
564 3351 730 3412 beatorum
751 3351 835 3412 Petri
852 3360 883 3414 et
898 3353 984 3415 Pauli

233 3446 452 3524 apostolorum
477 3446 545 3506 eius
567 3462 601 3506 se
617 3445 745 3506 noverit
763 3447 982 3509 incursurum.

277 3541 388 3603 Datum
411 3539 540 3610 Romae,
563 3539 644 3616 apud
675 3537 706 3601 S.
732 3541 873 3612 Petrum,
902 3558 984 3602 arina

233 3634 462 3696 incarnationis
485 3633 666 3694 flaminicae
682 3649 871 3706 abaciam„
891 3635 985 3697 tertio

235 3745 335 3790 nonas
357 3727 459 3798 iulias,
483 3726 683 3804 pontificatus
711 3727 812 3788 nostri
835 3745 919 3790 anno
934 3746 983 3790 ιιι.

585 4009 636 4072 vt.

240 4193 414 4277 Confirmat
440 4197 552 4260 ttteras
581 4196 674 4259 Clem.
699 4197 751 4260 iil.
776 4195 987 4278 approbantes

276 4289 436 4351 decretam
472 4289 578 4352 Caroli
609 4289 743 4352 Thorace
772 4287 987 4353 Patriarcltac

279 4382 466 4444 Antiochea.
490 4383 600 4462 Legati
622 4390 721 4464 apost.

238 4565 467 4633 venerabilibus
483 4566 630 4634 tratribus
646 4585 684 4633 aa
699 4565 818 4634 dilectis
830 4567 903 4634 liliis
917 4565 986 4651 Epi·

278 4660 381 4743 scapis
410 4665 442 4726 et
468 4666 569 4745 apost.
602 4661 802 4728 missionariis
832 4661 985 4744 loregeis

278 4753 420 4820 indiarum
443 4754 630 4820 orientalium
648 4753 832 4834 bladurenai,
848 4753 986 4838 llayasa-

279 4849 361 4914 renai
384 4851 417 4912 el-
437 4847 635 4924 carnutensi,

396 4993 642 5062 attractatus
667 4995 728 5062 PP.
753 4993 847 5062 xlta·

309 5129 509 5197 venerabiles
530 5129 647 5198 tratres
669 5148 707 5197 aa
730 5131 829 5198 dilecti
852 5129 916 5210 lilii,

272 5223 399 5290 salutern
422 5230 453 5290 et
475 5224 674 5306 apostolicam
699 5225 952 5291 benedictionem.

279 5413 324 5476 bd
345 5429 439 5476 aures
462 5421 586 5476 nostras
609 5414 768 5492 pervenit,
786 5415 986 5478 vocationem

239 5507 382 5584 gentium
417 5506 640 5584 Ecclesiaeque
672 5508 881 5580 incrementa,
916 5524 986 5586 pro·

1039 731 1109 800 pter
1130 723 1277 786 subortas
1299 724 1384 787 inter
1406 724 1568 802 operarios
1584 721 1787 800 evangelicae

1038 819 1152 880 messis
1183 818 1430 888 controversias,
1462 818 1584 894 magnis
1617 819 1686 880 istic
1709 819 1787 880 diffi-

1038 915 1208 977 cultatibus
1230 914 1386 976 laborare.
1409 913 1493 988 Quae
1515 914 1644 992 quidem
1665 931 1703 976 eo
1719 931 1787 990 gra-

1038 1009 1162 1070 viorem
1179 1008 1271 1070 nobis
1287 1007 1433 1070 dolorem
1452 1008 1641 1079 attulerunt,
1659 1023 1723 1086 quo
1739 1023 1787 1070 re·
1866 1034 1867 1038 ¹

1039 1101 1142 1164 media
1174 1101 1348 1164 salubriter
1382 1101 1457 1162 alias
1492 1101 1630 1164 adbibita
1667 1102 1787 1164 diutius

1039 1211 1053 1254 a
1076 1193 1242 1256 nonnullis
1272 1195 1433 1274 repudiari
1461 1195 1692 1258 intelleximus.
1723 1195 1785 1256 lam

1039 1289 1124 1350 enim
1149 1305 1206 1366 per
1230 1289 1279 1350 bo.
1298 1305 1361 1351 me.
1383 1287 1533 1350 Carolum
1556 1289 1709 1350 'lbornam
1736 1289 1787 1350 l‘a-

1039 1382 1208 1443 triarclram
1232 1391 1306 1446 tunc
1330 1382 1579 1454 Antiochenam,
1604 1398 1677 1443 cum
1700 1389 1785 1460 potew

1037 1485 1116 1540 state
1139 1477 1247 1554 Legati
1271 1479 1310 1540 de
1332 1479 1432 1540 latere
1454 1487 1554 1556 apost.
1575 1479 1785 1548 visitatorem,

1039 1571 1787 1650 deindebuiusS.illi.Gar·dinalem,pleraque

1038 1665 1073 1725 ad
1091 1665 1263 1742 gliscenses
1279 1664 1351 1728 lites
1373 1665 1608 1743 componendas
1629 1666 1787 1742 explican-

1038 1758 1157 1835 dasque
1185 1758 1386 1820 dililcultates
1411 1759 1572 1836 sapienter
1595 1758 1788 1835 praescripta

1037 1851 1175 1922 lucrant,
1206 1853 1335 1914 decreto
1364 1852 1492 1913 condito
1525 1851 1723 1913 Pudicberiis
1755 1850 1787 1912 in

1038 1961 1098 2006 sac.
1122 1945 1305 2006 visitatione
1327 1944 1496 2022 apostolica
1523 1945 1574 2006 die
1601 1961 1679 2006 xxrr.
1699 1959 1788 2005 men·

1037 2039 1080 2100 sis
1102 2038 1180 2100 iunii
1202 2039 1274 2100 anni
1298 2055 1442 2108 abacia..
1467 2039 1517 2100 die
1537 2054 1616 2100 vero
1632 2055 1700 2098 vni.
1719 2037 1787 2099 iulii

1037 2132 1180 2193 eiusdem
1197 2133 1270 2193 anni
1287 2132 1502 2210 promulgato.
1521 2131 1664 2203 Partibus
1680 2137 1786 2192 autem

1038 2227 1181 2288 nondum
1215 2226 1490 2302 acquiescentibus
1522 2227 1561 2288 de
1590 2233 1699 2286 mente
1732 2223 1785 2285 iel.

1038 2335 1142 2380 recor.
1166 2319 1342 2381 Clementis
1365 2318 1416 2380 Xl.
1433 2318 1670 2396 predecessoris
1687 2317 1787 2379 nostri

1038 2413 1164 2474 diversa
1180 2413 1382 2491 opinantibus
1399 2419 1431 2473 ct
1446 2411 1684 2487 evulgantibus,
1702 2411 1786 2472 idem

1039 2507 1265 2584 praedecessor
1282 2513 1402 2578 noster,
1420 2506 1499 2567 datis
1515 2507 1550 2566 ad
1567 2504 1787 2566 venerabilem

1038 2599 1170 2661 tratrem
1193 2600 1385 2678 Episcopum
1404 2599 1667 2676 bleliaporensenr
1685 2597 1788 2660 literis

1038 2695 1088 2755 die
1113 2711 1189 2754 xvir.
1215 2693 1335 2754 mensis
1349 2693 1542 2770 septembris
1557 2709 1607 2754 an.
1627 2708 1786 2762 baccara,

1037 2805 1125 2850 snam
1149 2789 1188 2848 de
1210 2788 1375 2850 servandis
1398 2787 1535 2848 decretis
1563 2793 1706 2848 mentem
1735 2801 1788 2868 op-

1037 2889 1176 2960 portune
1198 2881 1380 2943 declaravit.
1398 2881 1438 2942 Ut
1453 2881 1552 2958 igitur
1567 2887 1695 2942 nostrae
1711 2895 1788 2956 quo-

1038 2991 1100 3052 que
1122 2975 1344 3037 sollicitudinis
1366 2981 1471 3050 partes
1493 2975 1528 3035 ad
1552 2973 1788 3036 controversias

1037 3069 1226 3130 avertendas
1250 3073 1281 3130 et
1302 3068 1438 3129 salutem
1463 3069 1607 3144 gentium
1624 3067 1788 3128 concordi-

1038 3163 1096 3224 bus
1118 3161 1230 3222 studiis
1256 3160 1377 3222 facilius
1400 3179 1415 3221 a
1438 3161 1528 3222 vobis
1556 3161 1785 3238 procurandam

1037 3257 1256 3324 adhibeamus,
1282 3255 1469 3332 praesertim
1495 3256 1621 3332 nequis
1638 3271 1677 3316 ex
1692 3254 1788 3316 silen-

1038 3352 1082 3412 tio
1105 3357 1215 3412 nostro
1234 3350 1412 3411 detractum
1429 3349 1546 3426 aliquid
1564 3365 1635 3410 csse
1650 3349 1788 3426 suspice-

1039 3454 1090 3508 tur
1106 3445 1260 3506 mandatis
1277 3449 1308 3504 et
1323 3442 1590 3504 declarationibus
1610 3444 1787 3513 antedictis,

1038 3540 1154 3602 laudati
1176 3537 1387 3599 antecessoris
1404 3537 1504 3598 nostri
1521 3537 1664 3614 vestigiis
1682 3538 1788 3600 inbae-

1038 3639 1159 3703 rentes,
1187 3633 1313 3693 decreta
1335 3629 1479 3691 eiusdem
1507 3629 1705 3692 Patriarcbae
1727 3632 1788 3692 An-

1040 3727 1179 3789 tiocbeni
1194 3731 1301 3788 nostra
1314 3725 1409 3786 etiam
1422 3724 1609 3786 auctoritate
1621 3726 1788 3787 contlrma-

1039 3837 1111 3882 mus
1134 3833 1313 3894 eorumque
1336 3818 1548 3879 obedientiam
1570 3825 1602 3879 et
1617 3818 1788 3880 observan-

1038 3915 1113 3977 tiam
1142 3912 1289 3974 similiter
1316 3910 1501 3973 mandamus
1529 3918 1560 3973 et
1579 3911 1786 3988 requirimus.

1039 4009 1211 4070 Decretum
1234 4021 1363 4083 quoque
1393 4006 1432 4066 de
1455 4003 1668 4066 sacramentis
1690 4007 1788 4068 admi-

1040 4101 1212 4164 nistrandis
1235 4099 1436 4160 moribundis
1460 4098 1643 4160 bominibus
1660 4100 1788 4162 intimae

1039 4195 1242 4266 conditionis,
1266 4209 1346 4271 quos
1366 4207 1484 4272 pareas
1512 4193 1683 4272 appellant,
1707 4195 1789 4256 ulte-

1040 4291 1117 4353 riori
1140 4289 1291 4351 dilatione
1314 4295 1448 4360 remota,
1474 4287 1591 4364 pariter
1613 4289 1735 4350 servari
1758 4295 1790 4350 et

1039 4383 1167 4462 impleri
1181 4381 1404 4460 praecipimus.
1419 4381 1570 4443 Vestrum
1591 4390 1696 4444 autem
1714 4384 1787 4454 erit,

1039 4487 1075 4541 ut
1097 4477 1241 4539 mandata
1263 4490 1320 4554 per
1335 4481 1573 4536 antecessorem
1593 4483 1791 4537 nostramet

1040 4587 1096 4650 per·
1110 4569 1271 4647 nosipsos,
1284 4569 1453 4646 apostolica
1466 4570 1665 4641 auctoritate,
1677 4577 1789 4632 tenore

1039 4663 1269 4744 praesentiam,
1283 4662 1314 4724 in
1328 4663 1478 4724 omnibus
1490 4663 1685 4730 confirmata.
1699 4663 1789 4740 impi-

1040 4775 1096 4836 gre
1126 4767 1157 4821 et
1191 4757 1407 4833 obsequenter
1437 4756 1588 4818 iacientes
1619 4773 1698 4834 opus
1720 4757 1787 4828 Dei,

1040 4853 1124 4930 quod
1155 4859 1238 4914 tanta
1260 4866 1332 4912 cum
1359 4850 1457 4910 animi
1485 4849 1620 4912 ilaritate
1651 4851 1789 4928 suscepi-

1039 4946 1106 5016 stis,
1130 4945 1202 5016 rite,
1233 4943 1429 5006 unanimiter
1458 4944 1666 5020 studioseque
1696 4946 1789 5023 perli-

1040 5039 1136 5102 ciatis.
1162 5038 1328 5108 devehis,
1354 5037 1555 5099 venerabiles
1587 5037 1713 5110 fratrea,
1745 5040 1789 5100 di·

1040 5133 1114 5195 lecti
1136 5133 1204 5204 lilii,
1221 5132 1423 5211 apostolicam
1446 5131 1702 5194 benedictionem
1719 5148 1790 5210 per-

1039 5237 1184 5290 amanter
1205 5225 1422 5305 impertimur.

1080 5319 1192 5381 Datum
1209 5319 1340 5390 Romae,
1353 5317 1434 5394 apud
1453 5315 1484 5378 S.
1502 5317 1645 5390 Petrum,
1663 5317 1722 5379 sub
1737 5335 1790 5378 an-

1041 5413 1118 5476 nulo
1140 5413 1317 5484 Piscatoris,
1342 5411 1393 5472 die
1417 5427 1473 5471 xri.
1497 5413 1563 5472 dec.
1586 5429 1789 5484 annonaria,

1041 5507 1242 5586 pontificatus
1265 5506 1367 5568 nostri
1389 5523 1473 5568 anno
1497 5523 1552 5566 ιιι.

344 6123 402 6164 Iar.
420 6123 637 6172 taint.‹te1a·op.
655 6124 717 6163 Fide
732 6121 816 6165 tractis
833 6124 850 6163 l.
868 6119 920 6162 l'nl.
939 6123 988 6164 vlt.

1711 585 1767 649 113
1825 585 1876 642 An.
1891 584 1918 640 C.
1933 582 2000 641 {727
