4836 7002
338 569 389 628 An.
403 571 430 628 C.
446 571 515 628 lidii
569 573 630 636 202

551 708 678 772 cietutt's
701 722 885 774 dccccxxv..
905 713 1065 782 tamquam
1080 703 1297 766 continentem

552 804 584 865 in
605 799 726 863 inlandi
747 799 925 861 schismatis
952 799 1164 876 patrocinium
1187 812 1301 875 propo·

551 896 683 957 sitiones
705 893 814 962 lalsas,
839 892 1067 964 calumniosas,
1090 890 1298 960 suanilalosas,

551 986 781 1050 ecclesiasticae
805 985 1001 1046 hierarchiae
1024 984 1185 1046 eversivas
1206 999 1240 1044 ac
1263 981 1300 1044 h-

553 1081 724 1158 postolicae
747 1079 820 1142 Sedi
842 1080 1029 1148 iniuriosus,
1060 1079 1247 1140 damnamus
1271 1085 1301 1136 et

553 1173 774 1250 reprobamus,
799 1173 962 1250 ipsiusque
994 1171 1065 1234 libri
1096 1183 1301 1247 quocumque

553 1266 703 1328 idiomate
726 1266 802 1328 editi
832 1265 883 1326 vel
920 1265 1037 1327 edendi
1058 1265 1243 1331 lectionem,
1267 1279 1301 1324 u-

553 1375 642 1430 sum,
676 1359 894 1421 retentionem
924 1358 1091 1434 multoque
1125 1356 1226 1433 magis
1258 1355 1301 1417 di-

553 1454 780 1516 strihutionem
805 1459 837 1512 et
851 1452 1089 1512 distractionem
1105 1449 1254 1512 omnibus
1271 1455 1303 1510 et

553 1547 689 1624 singulis
704 1545 968 1608 christifidelibus
983 1545 1042 1606 sub
1058 1561 1158 1623 poena
1175 1559 1302 1604 excom·

553 1641 778 1702 municationis
807 1639 887 1700 latae
913 1640 1108 1710 sententiae,
1133 1639 1200 1715 ipso
1223 1637 1302 1698 lacto

553 1735 673 1810 absque
692 1734 750 1794 alia
766 1733 979 1795 declaratione
992 1732 1217 1802 incurrendae,
1231 1747 1302 1808 apo-

553 1827 663 1890 stolica
684 1829 872 1889 auctoritate
895 1827 1111 1904 praesentium
1136 1835 1249 1888 tenore
1272 1841 1303 1884 o-

554 1923 666 1984 mnino
687 1921 909 1984 interdicimus
931 1927 965 1983 et
987 1920 1205 1999 probibemus.

344 2028 394 2070 Nec
409 2035 459 2068 noo
474 2023 535 2068 sert·
594 2020 612 2092 ἓ
632 2018 662 2078 5.
677 2017 843 2079 Praeterea
859 2031 1080 2094 quaecumque
1102 2014 1160 2076 alia
1176 2015 1302 2090 scripta,

323 2083 607 2195 lucidissimi
638 2128 733 2174 mann
764 2119 889 2172 exarata
915 2109 968 2171 vel
998 2109 1079 2187 typis
1108 2124 1224 2170 excusa
1251 2115 1304 2167 aut

323 2185 535 2284 {sslffffifflagss'nffi
555 2205 752 2276 excudenda,
766 2204 798 2264 in
818 2203 912 2264 huius
928 2202 1046 2263 funesti
1058 2201 1237 2263 schismatis
1252 2200 1303 2260 de-

555 2298 748 2369 tensionem,
778 2297 887 2358 eadem
915 2297 1103 2357 auctoritate
1133 2301 1164 2356 et
1192 2302 1304 2354 tenore

557 2391 707 2468 praelato,
731 2392 841 2452 itidem
857 2390 916 2451 sub
932 2389 1044 2450 eadem
1060 2405 1160 2466 poena
1179 2389 1304 2448 ‹lamna-

557 2503 628 2547 mus
650 2493 683 2546 et
704 2484 932 2562 reprobamus3
956 2500 989 2544 ac
1011 2483 1074 2559 legi
1098 2489 1150 2543 aut
1172 2480 1305 2542 retineri

555 2589 610 2642 aut
632 2578 780 2641 distribui
801 2585 834 2640 et
855 2577 987 2638 distrahi
1011 2577 1129 2653 pariter
1144 2574 1306 2636 interdici-

556 2689 630 2735 mus
652 2679 684 2734 et
705 2671 926 2750 prohibemus.

365 2779 489 2842 eronsoer
505 2790 537 2824 ne
596 2770 614 2842 ἓ
635 2766 664 2828 o.
689 2766 847 2828 Noverint
868 2773 1034 2842 praeterea
1057 2763 1168 2826 ildeles
1181 2778 1303 2830 omnes,

325 2835 538 2930 iiffiffigil
556 2861 653 2937 idque
676 2875 731 2920 eos
755 2858 868 2920 sedulo
893 2859 1120 2927 admonemus
1144 2855 1202 2916 sibi
1228 2854 1305 2916 veti-

326 2940 485 2985 auscitanus
501 2940 538 2983 ¹¹¹·
556 2963 624 3016 turn
649 2969 730 3022 esse,
754 2951 814 3012 suh
847 2951 957 3028 poenis
980 2968 995 3010 a
1019 2951 1087 3012 iure
1121 2949 1207 3020 latis,
1232 2965 1303 3008 cum

327 2996 377 3091 {2¹¹3
394 2999 538 3091 ffliiiiiiiiiff·
557 3046 841 3126 supramemoratis
872 3044 1074 3114 hominibus,
1109 3049 1221 3120 utpote
1251 3041 1305 3118 qui

325 3102 454 3146 sationem
479 3100 539 3144 litle-
699 3142 704 3152 ,
748 3141 753 3151 ,
1014 3139 1019 3148 ,
1076 3139 1081 3150 ,
1129 3138 1134 3148 ,
1219 3138 1223 3147 ,

327 3156 363 3198 tes
380 3155 501 3198 caueant.
557 3142 706 3205 declarati
729 3145 794 3200 srnt
815 3145 1083 3200 excommunicati
1105 3137 1236 3206 vitandi,
1259 3137 1306 3197 ul-

557 3236 619 3299 lam
656 3233 844 3313 praesertim
881 3231 912 3293 in
946 3231 1183 3309 spiritualibus,
1221 3247 1306 3292 com-

558 3330 747 3390 munionem
770 3327 907 3396 habere,
933 3325 1101 3402 multoque
1130 3325 1231 3401 magis
1254 3341 1305 3386 eo-

557 3423 706 3484 rumdem
730 3428 794 3482 acta
817 3419 1014 3482 schismatica
1044 3426 1205 3495 tamquam
1228 3418 1306 3496 legi·

558 3517 633 3580 tima
655 3523 775 3578 aerata
797 3513 944 3592 probare,
962 3520 992 3573 et
1015 3512 1089 3573 huic
1110 3512 1305 3590 deplorando

557 3609 718 3673 schismati
741 3608 919 3670 lomentum
943 3606 1046 3668 ullum
1064 3606 1228 3684 praebere.
1246 3607 1306 3668 Ex-

558 3705 667 3766 ierunt
696 3719 735 3764 ex
757 3700 867 3770 nobis,
901 3700 955 3761 sed
986 3716 1050 3761 non
1074 3707 1165 3762 erant
1187 3717 1226 3762 ex
1251 3717 1306 3762 no-

558 3797 622 3871 his3
645 3811 717 3858 nam
745 3795 770 3854 si
799 3793 935 3855 luissent.
964 3808 1003 3854 ex
1033 3792 1136 3864 nobie,
1160 3809 1307 3872 perman-

557 3891 675 3954 sissent
695 3889 808 3965 utique
830 3886 1009 3948 nobiscum.

374 4005 465 4065 raeces
488 4005 539 4047 neo
598 3987 617 4061 g
638 3985 667 4046 t.
685 3983 773 4044 Eaxit
788 3981 870 4043 Deus
886 3987 918 4042 et
933 3979 1024 4043 Pater
1039 3979 1097 4042 litii
1113 3980 1220 4044 Nostri
1235 3983 1305 4045 lesu

327 4061 541 4166 figarufiigsssssffiss
557 4079 689 4149 Christi,
722 4077 813 4138 Pater
844 4074 1135 4136 misericordiarum
1169 4082 1201 4137 et
1222 4077 1306 4138 Deus

327 4175 539 4262 {ffimffigss
557 4174 655 4236 totius
684 4170 921 4242 consolationis
951 4177 987 4230 ut
1015 4169 1112 4230 hoca
1140 4170 1230 4232 nohis
1252 4171 1306 4234 ali-

324 4274 383 4367 lttm
401 4251 434 4316 id
452 4271 539 4316 catho-
558 4266 684 4344 quando
707 4269 914 4326 removeatur
936 4261 1155 4324 amaritudinis
1174 4263 1307 4326 offendi·

324 4335 539 4422 rlrffimcomnm-
557 4361 666 4423 culum
696 4367 728 4421 et
756 4375 791 4420 ea
823 4357 911 4436 spina
939 4354 1082 4418 dolorem
1116 4356 1259 4419 inlerens
1288 4375 1305 4419 e

555 4464 668 4518 nostro
689 4454 795 4516 animo
817 4451 987 4514 evellatur.
1012 4449 1105 4511 lllum
1129 4451 1160 4510 in
1177 4451 1305 4512 humili-

555 4553 618 4609 tate
641 4545 745 4608 cordis
768 4543 868 4605 nostri
885 4557 1037 4618 rogamus
1054 4549 1086 4604 et
1101 4541 1305 4604 obsecramus

555 4638 790 4718 impensissima
802 4651 908 4714 prece,
923 4645 959 4698 ut
973 4635 1028 4712 qui
1044 4651 1090 4708 ea,
1105 4651 1186 4712 quae
1202 4637 1255 4697 diu
1272 4638 1304 4698 in

556 4735 655 4798 multa
678 4731 828 4811 patientia
842 4729 996 4791 sustinuit
1011 4745 1083 4790 vasa
1097 4730 1175 4800 irae,
1193 4731 1303 4792 eadem
1342 4741 1346 4750 '

555 4832 620 4907 ipsa
649 4825 819 4904 aliquando
847 4823 944 4886 efficit
971 4839 1043 4884 vasa
1072 4823 1102 4884 in
1132 4824 1302 4896 honorem,

555 4937 662 4984 caecos
684 4920 833 4982 homines
862 4918 1048 4988 miseratus,
1073 4918 1110 4978 iis
1131 4918 1252 4995 aperiat
1273 4935 1305 4979 o-

555 5013 655 5084 eulos,
680 5029 744 5090 quo
774 5012 901 5072 tandem
923 5011 1055 5072 videant
1075 5017 1108 5072 et
1129 5027 1168 5072 ex
1198 5012 1304 5072 anirno

555 5106 726 5176 lateantur,
746 5103 919 5166 Romanam
944 5103 1133 5176 Ecclesiam,
1159 5106 1302 5166 omnium

556 5198 770 5260 Ecclesiarum
794 5203 929 5259 matrem
959 5209 990 5258 et
1013 5197 1210 5274 magistram,
1235 5215 1303 5260 eant

557 5307 639 5360 esse,
663 5307 744 5367 quae
766 5291 832 5352 sola
854 5291 973 5368 aperit,
997 5298 1030 5352 et
1052 5305 1147 5352 nemo
1170 5292 1304 5368 claudit3

556 5384 684 5454 claudit,
708 5391 740 5445 et
761 5400 857 5446 nemo
879 5385 1000 5462 aperit3
1031 5385 1086 5460 qui
1114 5383 1302 5447 cathedram

557 5477 653 5549 Petri,
666 5493 762 5555 super
778 5493 872 5553 quam
886 5477 1024 5540 Ecclesia
1038 5476 1166 5540 lundata
1180 5485 1238 5549 est,
1253 5479 1305 5541 de-

557 5573 636 5632 serit
657 5579 688 5632 et
710 5572 840 5642 resistit,
864 5571 955 5634 illum
978 5573 1010 5633 in
1031 5572 1169 5634 Ecclesia
1186 5589 1220 5634 se
1236 5589 1305 5634 esse

598 5840 628 5894 tl)
644 5839 859 5896 archiepiscopos
879 5843 906 5884 et
921 5841 1060 5897 Episcopus
1078 5841 1198 5886 ttritetiae
1218 5841 1252 5886 ad
1266 5851 1308 5896 ge·

558 5905 660 5950 ueralie
674 5905 783 5951 comitia
797 5911 970 5962 congregatos
986 5908 1110 5954 hortatus
1125 5909 1211 5953 luerat
1222 5908 1307 5952 Ponti-

558 5972 598 6016 fex
613 5983 659 6028 per
674 5973 768 6018 literas
783 5973 834 6017 diei
845 5983 902 6019 vrri.
919 5974 981 6019 maii
998 5976 1077 6020 huius
1092 5975 1163 6029 anni,
1175 5977 1204 6020 ut
1214 5975 1245 6020 da
1256 5985 1306 6019 me-

1072 585 1136 632 lUll.
1161 583 1252 630 bour.
1277 581 1316 628 bs
1340 583 1367 628 P.
1395 583 1422 628 l‘.
1449 583 1530 628 PARS
1553 586 1573 629 l.

2145 566 2196 622 hu.
2209 565 2238 622 G.
2253 562 2332 621 1765

1360 701 1441 763 male
1463 703 1642 764 confidere:
1675 718 1758 765 neve
1786 718 1895 763 amore
1924 702 2104 770 iactantiae.

1358 809 1439 870 quae
1460 795 1628 872 superbiae
1648 811 1778 874 semper
1798 803 1847 857 est
1864 796 2021 872 proxima,
2039 796 2106 856 diu-

1359 889 1419 950 tius
1440 889 1471 949 in
1488 889 1700 950 obstinatione
1717 897 1934 967 permaneant,
1952 890 2006 951 sed
2024 889 2106 950 able-

1358 978 1408 1043 cto
1430 983 1553 1060 privato
1575 998 1671 1044 sensu
1692 983 1794 1044 errori
1811 998 1939 1060 semper
1955 981 2104 1053 obnoxio,

1358 1077 1516 1138 Ecclesiae
1539 1077 1666 1146 iudicio,
1684 1091 1765 1152 qnae
1781 1083 1830 1138 est
1844 1076 1992 1138 columna
2009 1085 2041 1138 et
2056 1076 2107 1136 lir-

1358 1177 1557 1232 ruamentum
1574 1171 1729 1242 veritatis,
1741 1187 1775 1232 se
1791 1170 1909 1232 dociles
1923 1169 2105 1246 praebeant.

1357 1265 1536 1342 apostolicis
1553 1265 1707 1326 mandatis
1722 1264 1847 1326 sincero
1860 1264 1967 1326 animo
1979 1273 2108 1342 pareant

1358 1360 1443 1421 etin
1466 1361 1587 1422 viscera
1610 1359 1642 1420 S.
1661 1359 1767 1420 Matris
1789 1359 1959 1420 catholicae
1982 1365 2014 1420 et
2035 1375 2108 1436 apo·

1358 1453 1487 1515 stolicae
1508 1453 1678 1524 Ecclesiae,
1703 1459 1766 1515 tota
1783 1453 1898 1514 mentis
1915 1453 2104 1521 intentione,

1358 1547 1528 1623 aliqnando
1551 1555 1727 1624 properent
1750 1548 1891 1623 regredi.

1399 1645 1417 1718 g
1438 1641 1467 1702 8.
1493 1641 1534 1704 Ut
1555 1647 1660 1702 autem
1684 1643 1813 1704 eaedem
1839 1649 2023 1717 praesentes
2038 1639 2106 1702 lite·
2142 1645 2354 1724 rutilantem-

1360 1753 1412 1798 rae
1435 1737 1470 1797 ad
1495 1736 1638 1796 omnium
1671 1736 1814 1796 notitiam
1846 1733 1966 1796 facilius
1995 1751 2106 1811 perae·
2126 1701 2355 1818 liliilniillil

1360 1830 1457 1900 uiant,
1482 1843 1540 1890 nec
1563 1829 1729 1905 quisquam
1746 1827 1873 1889 illarum
1894 1829 2104 1904 ignorantiam
2128 1807 2353 1904 ξῖζὶζζῑηῗὲηῗζξῖζᾎ

1359 1923 1499 2001 allegare
1522 1921 1631 1998 possit,
1655 1922 1806 1982 volumus
1829 1928 1862 1982 et
1890 1922 2241 2023 deicerrrimus,g²;}2'¹1,¹*{¹gis
2273 1919 2355 2009 fggfflj

1360 2017 1429 2079 illas
1450 2017 1486 2077 ad
1510 2015 1616 2076 valvas
1639 2013 1784 2076 basilicae
1807 2015 1959 2092 Principis
1976 2015 2108 2092 hposto·
2127 2021 2212 2066 «tatur.

1361 2111 1466 2174 lorum
1486 2117 1519 2172 et
1535 2109 1739 2172 cancellariae
1755 2109 1956 2187 apostolicae,
1972 2127 2027 2170 nec
2044 2127 2108 2170 non

1361 2207 1467 2268 curiae
1491 2205 1650 2282 generalis
1674 2204 1705 2265 in
1730 2203 1835 2266 llonte
1858 2204 2009 2266 Citatorio
2025 2211 2056 2265 et
2076 2205 2107 2266 in

1361 2302 1425 2362 acie
1447 2300 1547 2377 campi
1575 2299 1686 2361 Florae
1716 2299 1755 2359 de
1777 2299 1858 2360 urbe
1892 2314 1948 2375 per
1969 2299 2106 2374 aliquem

1362 2392 1609 2457 excursoribus
1633 2393 1762 2462 nostris,
1786 2399 1823 2452 ut
1849 2393 1947 2454 moris
1971 2401 2029 2462 est,
2055 2409 2110 2468 pu·

1362 2488 1482 2558 blicari,
1500 2487 1694 2562 illarumque
1715 2485 1863 2562 exempla
1886 2485 2003 2547 ibidem
2020 2486 2109 2547 atlixa

1362 2581 1520 2657 relinqui;
1553 2580 1597 2640 sic
1619 2593 1698 2640 uero
1731 2577 1914 2655 publicatas,
1941 2595 2052 2640 omnes
2078 2587 2111 2641 et

1362 2672 1518 2748 singulos,
1542 2686 1622 2747 quos
1645 2677 1860 2738 concernunt,
1884 2670 2018 2748 perinde
2047 2671 2110 2732 alli-

1362 2782 1447 2834 cere,
1465 2782 1499 2825 ac
1514 2765 1540 2824 si
1555 2765 1729 2839 unicuique
1745 2763 1875 2824 illorum
1900 2763 2110 2840 personaliter

1363 2859 1540 2921 notificatae
1562 2865 1594 2918 et
1615 2857 1778 2918 intimatae
1800 2856 1948 2918 luissent:
1970 2859 2108 2935 ipsarum

1362 2959 1468 3013 autem
1492 2951 1659 3012 literarum
1691 2951 1896 3026 transumptis
1922 2967 1979 3012 seu
2003 2965 2110 3012 exem-

1363 3047 1434 3124 plis,
1459 3045 1553 3108 etiam
1578 3045 1755 3120 impressis,
1781 3059 1875 3104 manu
1898 3043 2030 3105 alicuius
2057 3061 2110 3105 no-

1363 3141 1433 3201 tarii
1455 3139 1573 3216 publici
1602 3137 1789 3214 subscriptis
1819 3147 1850 3198 et
1871 3138 1977 3214 sigillo
2004 3155 2111 3215 perso·

1363 3249 1421 3295 nae
1442 3233 1473 3294 in
1503 3232 1712 3294 ecclesiastica
1741 3232 1895 3307 dignitate
1923 3233 2111 3295 constitutae

1363 3327 1506 3398 munitis,
1531 3328 1675 3387 eamdem
1710 3341 1840 3402 prorsus
1871 3327 1965 3386 iidem
1994 3328 2110 3388 tamin

1362 3421 1478 3482 iudicio
1497 3435 1590 3498 quam
1609 3426 1698 3480 extra
1720 3417 1799 3480 illud
1823 3419 1943 3494 ubique
1966 3419 2108 3481 locorum

1364 3515 1490 3585 haberi,
1515 3529 1595 3590 quae
1622 3513 1797 3574 haberetur
1820 3513 1938 3574 eisdem
1964 3529 2111 3590 praesen-

1364 3609 1456 3676 tibus,
1478 3609 1502 3668 si
1527 3607 1687 3668 exhibitae
1710 3605 1816 3668 torem
1837 3606 1889 3668 vel
1912 3614 2068 3669 ostensae.

1403 3702 1514 3763 Datum
1537 3699 1672 3769 llomae,
1697 3699 1777 3775 apud
1806 3698 1837 3760 S.
1862 3699 1990 3761 llarlam
2021 3701 2111 3762 llaio-

1364 3811 1444 3866 rem,
1469 3793 1528 3856 sub
1543 3791 1662 3854 annulo
1678 3791 1855 3864 Piscatoris,
1870 3794 1920 3854 die
1937 3811 2012 3855 xxx.
2030 3795 2110 3871 apri-

1270 3917 1272 3924 ·
1363 3888 1400 3950 lis
1423 3903 1596 3958 uncctxv„
1615 3885 1815 3962 pontificatus
1831 3887 1930 3947 nostri
1947 3903 1997 3948 an.
2013 3905 2067 3948 vtr.

1700 4167 1777 4228 vltt.

1364 4356 1603 4435 nrettcptscopo
1627 4355 1794 4418 libemecsa'
1814 4357 1940 4436 pretias
1964 4359 2031 4437 opit
2053 4373 2110 4437 pro

1402 4450 1483 4510 actis
1504 4449 1663 4528 pecoralis
1686 4447 1928 4512 Gallicanorum
1946 4449 2110 4530 Episcopo·

1400 4559 1474 4604 rum
1496 4549 1668 4604 concentus
1687 4542 1728 4604 cd
1744 4542 1927 4623 Pontificem
1949 4543 2064 4612 scissis,
2082 4550 2111 4604 et

1402 4641 1476 4698 uctc
1498 4635 1604 4697 ecdem
1627 4637 1776 4714 aspendii
1791 4643 1885 4715 atque
1898 4636 2107 4698 commendat.

1453 4819 1622 4886 Venerabili
1645 4820 1733 4886 tratri
1756 4820 1866 4887 carolo
1889 4821 2019 4887 Antonio

1516 4913 1756 4998 archiepiscopo
1779 4910 1955 4994 Rhemeusi,

1548 5058 1735 5126 steatitis
1764 5059 1825 5126 ΡΡ.
1850 5060 1921 5127 ΧΙΙΙ.

1575 5195 1765 5264 Venerabilis
1786 5197 1899 5274 irater,

1411 5291 1539 5358 salutem
1563 5296 1595 5356 et
1616 5297 1717 5374 apost.
1742 5291 1981 5359 benedictionem
2002 5293 2059 5376 (l).

1401 5482 1419 5555 ἓ
1444 5481 1470 5541 l.
1485 5480 1529 5541 lle
1552 5481 1694 5556 generali
1712 5481 1771 5542 isto
1787 5481 2021 5545 Gallicanorum
2039 5483 2110 5560 Epi·
2129 5485 2259 5582 offiggg}
2277 5484 2347 5580 qii⁰i¹
2399 5497 2400 5523 i

1362 5589 1531 5650 scoparum
1555 5580 1729 5644 conventu,
1747 5575 1813 5650 qui,
1832 5583 1862 5636 te
1879 5577 2033 5653 praeside,
2055 5594 2109 5638 no·
2132 5590 2207 5648 scopi,
2220 5551 2347 5647 remedii]

1362 5839 1453 5884 dandis
1469 5839 1599 5884 Ecclesiae
1614 5839 1765 5885 Gallicanae
1785 5840 1862 5885 malis
1878 5841 1948 5886 serio
1962 5840 2109 5894 cogitarent

1363 5907 1515 5964 regiamque
1530 5907 1557 5951 in
1573 5907 1666 5964 primis
1680 5917 1755 5963 opem
1777 5907 1960 5964 implorarent.
