4814 6992
358 1378 411 1436 An.
425 1377 453 1433 C.
469 1377 536 1432 1701

1087 586 1153 632 luit.
1176 585 1268 631 PONT.
1292 584 1332 630 DE
1354 584 1384 629 P.
1409 583 1438 628 F.
1463 581 1546 628 PARS
1567 582 1588 626 Ι.

1093 961 1333 1048 ottulfus
1367 960 1497 1042 ΡΑΡΑ
1527 961 1593 1040 ΧΙ.

577 1554 764 1636 Episcopum
787 1553 986 1634 Bupioasem,
1008 1549 1170 1614 Vivarium
1194 1547 1320 1629 Aposto-

614 1649 710 1711 licum
724 1647 924 1716 Cocineiooe
933 1644 1155 1708 otissiouorios
1166 1649 1196 1706 et
1205 1641 1319 1724 fideles,

614 1742 667 1820 qui
688 1741 936 1822 persecutionem
958 1739 993 1802 im
1014 1739 1079 1802 iliis
1097 1735 1246 1820 portibus
1267 1753 1321 1816 po·

615 1833 790 1903 tieboutum
812 1839 945 1911 poterae
966 1831 1162 1895 consolatur.

588 2021 661 2088 lien.
683 2020 770 2086 tratri
794 2017 971 2096 Francisco,
988 2017 1139 2102 Episcopo
1154 2016 1307 2100 Bupiensi,

679 2111 799 2180 llicario
822 2111 999 2195 dpostoiico
1021 2109 1215 2189 Cocineinee,

780 2297 967 2364 clemens
989 2295 1049 2363 ΡΡ.
1073 2295 1117 2364 ΧΙ.

789 2485 977 2553 Venerabilis
999 2485 1113 2564 trater,

626 2585 754 2653 salutern
777 2588 809 2649 et
830 2586 931 2665 apost.
956 2581 1196 2648 benedictionem
1217 2583 1273 2664 (l).

618 2761 761 2838 Acceptis
785 2757 992 2820 fraternitatis
1008 2763 1080 2819 tuae
1095 2756 1223 2828 litteris,
1237 2757 1324 2834 vige·

578 2855 657 2916 sima
678 2853 789 2930 quinta
810 2851 879 2914 iulii
901 2851 974 2912 anni
990 2849 1122 2912 secundi
1144 2865 1239 2928 supra
1256 2849 1325 2912 mil-

578 2947 728 3012 lesimum
749 2945 1073 3024 septingentesimum
1097 2960 1135 3006 ex
1158 2943 1326 3006 Cocincina

579 3043 615 3106 ad
636 3057 694 3104 nos
710 3039 800 3112 datis,
824 3046 919 3116 atque
942 3043 1132 3101 occurrente
1148 3038 1254 3099 statim
1271 3055 1325 3100 no-

580 3135 627 3198 bis
648 3135 682 3196 in
704 3134 749 3196 eis
770 3133 917 3194 ubertate
933 3130 1107 3210 spiritualis
1122 3130 1255 3204 tructus,
1274 3139 1326 3194 tna

579 3227 749 3291 sedulitate
771 3233 865 3302 atque
888 3238 1001 3286 eorum
1021 3223 1115 3285 etiam
1139 3239 1246 3302 opera,
1270 3229 1326 3302 qui

580 3329 688 3384 tecum
716 3320 749 3380 in
779 3317 947 3395 evangelio
981 3316 1224 3389 laboraverum,
1257 3319 1325 3382 istic

580 3411 688 3484 relati,
716 3410 830 3472 intime
862 3409 967 3472 laetali
999 3424 1129 3481 sumus,
1160 3409 1243 3472 sicut
1272 3412 1328 3489 qui

581 3507 739 3570 laetantur
767 3506 800 3564 in
827 3517 943 3574 messe,
967 3508 999 3564 et
1019 3502 1057 3564 ad
1079 3503 1234 3580 speranda
1264 3519 1328 3566 ma-

581 3601 648 3662 iora
668 3599 702 3660 in
724 3597 791 3660 dies
813 3595 1003 3658 christianae
1025 3595 1099 3658 ildei
1129 3596 1328 3660 incrementa

581 3693 721 3755 animum
746 3689 922 3752 ereximus.

622 3786 690 3862 51.
714 3783 837 3846 Verum
869 3783 1140 3860 quemadmodum
1175 3787 1326 3862 gaudium

583 3885 729 3943 nostrum
751 3876 887 3938 subinde
903 3891 967 3937 non
983 3875 1099 3937 leviter
1118 3877 1326 3941 imminutum

583 3980 642 4046 est,
656 3979 808 4050 percepto
823 3985 863 4032 ex
878 3970 991 4032 iisdem
1008 3971 1122 4033 litteris
1138 3972 1328 4049 gravissimo

583 4065 739 4146 periculo,
755 4065 840 4144 quod
861 4066 894 4127 in
917 4081 1067 4143 praesens
1090 4066 1239 4128 imminet
1253 4069 1328 4131 lide-

584 4163 666 4226 libus
694 4161 772 4234 istis,
803 4177 837 4223 ac
866 4162 1035 4240 praecipue
1065 4164 1120 4225 tihi
1142 4171 1174 4224 et
1202 4164 1250 4236 iis,
1275 4165 1328 4241 qui

584 4259 804 4338 propagandae
827 4256 901 4320 bidei
923 4256 998 4317 dant
1019 4271 1160 4334 operam,
1185 4259 1225 4320 ob
1247 4259 1329 4322 exci-

583 4361 691 4428 tatam,
707 4352 843 4414 iaciente
858 4351 988 4412 inimico
1010 4351 1151 4424 homine,
1176 4353 1329 4415 adversus

584 4447 794 4512 christianum
810 4461 931 4507 nomen
954 4453 1017 4507 tam
1039 4446 1139 4508 diram
1156 4447 1188 4508 in
1205 4447 1266 4510 isto
1281 4463 1331 4511 re-

585 4559 649 4622 gno
671 4541 946 4620 persecutionem,
970 4555 1042 4617 spes
1071 4541 1174 4602 omnis
1203 4541 1332 4604 maioris

585 4636 652 4698 istic
682 4633 843 4714 proiectus
872 4633 903 4694 in
934 4633 1031 4694 corde
1057 4640 1167 4696 nostro
1199 4650 1331 4713 prorsus

585 4727 771 4800 interiisset,
793 4727 853 4790 nisi
873 4728 1029 4805 reputatis
1045 4727 1208 4790 nobiscum
1225 4727 1331 4791 Eccle-

585 4823 649 4884 siae
671 4821 829 4884 nascentis
861 4819 1001 4883 exordiis
1032 4819 1085 4882 illa
1113 4821 1224 4882 eadem
1247 4823 1332 4900 cogi-

587 4915 662 4978 tatio
692 4914 861 4976 subiisset:
894 4929 1033 4990 regnum
1063 4913 1133 4986 Dei,
1164 4915 1248 4991 quod
1274 4932 1331 4994 per

586 5008 731 5071 fidelium
754 5007 829 5069 olim
852 5007 1060 5070 adversitates
1086 5013 1180 5084 atque
1202 5009 1332 5072 tribula-

588 5104 706 5176 tiones,
737 5117 858 5182 perque
888 5117 1071 5180 pressuras,
1095 5109 1127 5163 et
1151 5103 1278 5164 vincula
1301 5111 1332 5165 et

586 5196 750 5274 sanguinis
773 5196 962 5258 allusionem
990 5194 1050 5257 luit
1078 5195 1110 5257 in
1139 5197 1234 5257 terris
1259 5213 1332 5259 con-

586 5289 747 5362 stitutum,
761 5289 875 5352 iisdem
888 5289 982 5351 etiam
1000 5289 1124 5360 mediis,
1139 5289 1265 5366 quoties
1280 5306 1332 5351 res

588 5384 681 5457 leret,
705 5401 773 5446 esse
794 5383 1074 5462 amplificandum
1104 5399 1137 5445 nc
1164 5391 1333 5462 propterea

587 5479 756 5542 statuimus
778 5477 868 5540 nullo
898 5477 994 5539 modo
1025 5475 1233 5540 abiiciendam
1262 5494 1333 5540 esse

587 5588 677 5650 spem
700 5571 942 5634 constabiliendi
971 5571 1072 5633 divini
1104 5571 1208 5632 cultus
1230 5571 1262 5632 in
1285 5586 1334 5632 re-

589 5667 775 5729 motissimis
790 5665 857 5727 istis
876 5672 1035 5728 terrarum
1058 5664 1211 5742 partibus,
1229 5679 1334 5741 neque

588 5763 759 5826 dolendam
785 5775 855 5824 esse
884 5775 996 5822 eorum
1026 5759 1255 5832 conditionem,
1279 5759 1333 5837 qui

1374 1373 1555 1429 aerumnas,
1579 1363 1756 1433 utcumque
1787 1355 1939 1418 maximas
1962 1371 1996 1416 ac
2025 1354 2119 1416 etiam
2159 1359 2210 1415 An.
2225 1359 2253 1414 C.
2269 1358 2341 1414 libb

1375 1459 1547 1522 extremas,
1563 1466 1620 1529 pro
1640 1449 1757 1512 Christi
1780 1449 1911 1512 nomine
1934 1447 2004 1510 istic
2025 1449 2121 1510 modo

1376 1546 1561 1624 patiuntur3
1584 1545 1640 1606 sed
1663 1544 1728 1605 imo
1750 1559 1822 1605 cum
1839 1543 1898 1620 ipsi
1914 1543 1951 1604 ad
1970 1559 2039 1604 eam
2055 1559 2122 1605 sor-

1377 1647 1441 1702 tem
1454 1645 1623 1710 vooentur,
1638 1653 1733 1714 quam
1750 1637 1781 1698 in
1797 1636 1864 1713 ipsa
1876 1636 2035 1714 evangelii
2051 1653 2122 1716 pro-

1377 1731 1576 1810 mulgatione
1591 1730 1759 1793 tortissimi
1774 1728 1892 1792 Christi
1909 1730 2034 1808 pugiles
2049 1731 2123 1792 sub-

1376 1827 1495 1896 ierunt,
1520 1825 1555 1888 ad
1585 1825 1788 1886 asserendam
1820 1823 1942 1886 scilicet
1968 1840 2027 1886 suo
2054 1841 2123 1888 san-

1379 1919 1475 1997 guine
1508 1916 1668 1996 evangelii
1700 1916 1885 1988 veritatem,
1919 1916 2037 1979 debere
2069 1935 2123 1981 eos

1378 2012 1520 2091 reputari
1543 2027 1616 2073 cum
1643 2011 1718 2089 ipsis
1747 2009 1863 2082 beatis,
1886 2025 1965 2087 quos
1987 2011 2124 2090 legitimi

1378 2106 1562 2170 certaminis
1583 2120 1700 2167 corona
1722 2111 1831 2166 manet
1852 2103 1884 2166 in
1906 2105 2014 2166 coelis.

1419 2199 1488 2275 52.
1513 2197 1577 2260 Hoc
1605 2205 1636 2260 te
1664 2197 1823 2259 desiderio
1854 2211 1927 2258 cum
1958 2197 2124 2261 videamus

1379 2293 1557 2363 incensum,
1587 2290 1756 2370 apostolica
1788 2290 1917 2352 mrinte
1941 2292 2125 2370 complecti-

1380 2402 1464 2458 mur,
1482 2393 1514 2448 et
1535 2399 1599 2462 quo
1620 2384 1753 2448 alacrius
1775 2383 1911 2446 arduum
1934 2385 2124 2448 missionum

1379 2479 1656 2542 Cocincinensium
1688 2493 1806 2540 munus
1838 2477 1981 2555 perterre
2007 2480 2123 2552 valeas,

1380 2575 1537 2635 mittimus
1561 2573 1643 2634 istuc
1663 2571 1881 2634 venerabilem
1907 2571 2038 2635 irat-rem
2054 2575 2126 2655 Epi-

1379 2683 1511 2745 scopum
1528 2665 1788 2744 Tilopolitanum,
1806 2665 1928 2738 conlisi,
1945 2667 2014 2728 eius
2031 2670 2125 2746 pieta·

1380 2767 1445 2823 tem
1461 2767 1557 2838 atque
1572 2759 1774 2838 prudentiam
1798 2757 1890 2820 nohis
1912 2769 2123 2838 perspectam,

1380 2861 1413 2917 et
1444 2853 1542 2930 longo
1575 2869 1634 2914 usu
1667 2851 1841 2928 multisque
1868 2856 2068 2929 argumentis
2093 2857 2125 2919 in

1381 2948 1477 3010 rebus
1493 2948 1528 3009 ad
1546 2947 1601 3008 Dei
1617 2945 1752 3023 gloriam
1773 2951 1805 3005 et
1825 2945 1862 3007 ad
1884 2946 2062 3010 animarum
2079 2967 2124 3012 sa-

1381 3041 1482 3103 lutem
1516 3037 1751 3119 pertinentibus
1783 3036 1852 3098 istic
1884 3052 2014 3116 quoque
2043 3059 2125 3104 com-

1382 3135 1560 3214 probatam,
1591 3133 1660 3194 iore
1690 3138 1758 3193 tum
1781 3145 1898 3207 magno
1923 3131 2037 3195 solatio
2059 3134 2127 3196 istis

1383 3227 1541 3298 tidelihus,
1572 3235 1639 3306 tum
1670 3233 1760 3302 grato
1790 3225 1947 3301 praesidio
1977 3225 2125 3306 tibiipsi,

1382 3321 1436 3398 qui
1459 3320 1524 3398 pari
1547 3319 1676 3381 terrore
1697 3319 1822 3396 tlagras,
1840 3334 1899 3380 nec
1913 3318 2126 3396 ambigentes,

1382 3411 1460 3489 quin
1482 3418 1603 3474 cunctis
1625 3409 1738 3472 studiis
1754 3417 1848 3488 atque
1864 3410 2014 3484 consiliis,
2032 3419 2064 3474 et
2079 3430 2128 3475 ae·

1382 3505 1534 3568 mulando
1548 3503 1687 3566 invicem
1703 3503 1891 3566 charismata
1907 3503 2051 3579 meliora,
2064 3523 2128 3568 am·

1383 3598 1473 3661 bulet
1487 3605 1625 3675 uterque
1646 3604 1793 3659 vestrum
1816 3597 1849 3658 in
1871 3598 1967 3660 domo
1983 3597 2039 3660 Dei
2054 3615 2127 3662 cum

1383 3708 1551 3755 consensu.

1422 3789 1441 3862 ς
1463 3787 1492 3848 3.
1516 3785 1647 3847 interim
1668 3801 1747 3847 vero
1763 3800 1910 3850 recreare
1933 3793 1964 3848 te
1986 3801 2128 3848 summo·

1383 3897 1459 3961 pere
1482 3879 1578 3942 debet
1598 3879 1732 3955 insignis
1760 3879 1933 3940 constantia
1960 3887 2026 3941 turn
2057 3880 2128 3942 mis-

1383 3967 1610 4044 si'onariorum,
1627 3973 1682 4049 qui
1700 3972 1785 4034 iuter
1801 3971 1926 4034 vincula
1941 3980 1973 4034 et
1987 3989 2129 4036 carceres

1386 4075 1523 4132 mortem
1546 4067 1645 4146 ipsam
1665 4067 1790 4145 perpeti
1806 4083 1870 4127 non
1886 4067 2077 4137 timuerunt,
2094 4074 2130 4131 ut

1384 4161 1601 4226 ministerium
1624 4177 1718 4222 suum
1742 4159 1925 4238 implerent,
1943 4166 2010 4221 tum
2034 4162 2129 4222 etiarn

1384 4259 1633 4322 christianorum
1657 4255 1803 4326 istorum,
1821 4271 1960 4332 quorum
1978 4271 2042 4316 non
2058 4271 2130 4333 pau·

1385 4371 1437 4416 cos
1453 4352 1550 4414 vitam
1565 4359 1698 4412 strenue
1714 4367 1747 4410 ac
1764 4349 1890 4412 lortiter
1913 4365 1970 4427 pro
1986 4359 2131 4428 suscepta

1385 4447 1504 4512 Christi
1533 4445 1595 4507 ilde
1626 4444 1770 4522 posuisse
1798 4443 2029 4515 intelleximus,
2054 4459 2132 4520 quo-

1386 4555 1460 4602 rum
1476 4539 1616 4608 nomina,
1634 4543 1796 4613 tamquam
1811 4537 1844 4598 in
1861 4537 1942 4599 libro
1962 4537 2045 4598 vitae
2060 4551 2133 4599 eon·

1386 4633 1512 4710 scripta,
1536 4632 1618 4693 sicut
1639 4630 1777 4708 gloriosa
1800 4645 1869 4691 esse
1891 4630 1924 4692 in
1946 4629 2043 4692 coelis
2069 4647 2132 4692 non

1385 4726 1590 4803 ambigimus,
1614 4725 1656 4786 ita
1677 4739 1816 4800 aequum
1831 4739 1866 4785 ac
1881 4723 1969 4802 pium
1992 4740 2061 4785 esse
2076 4725 2132 4785 du-

1386 4823 1499 4894 cimus,
1517 4828 1552 4882 ut
1567 4821 1599 4881 in
1615 4819 1691 4886 actis
1714 4818 1872 4880 Ecclesiae
1895 4819 1930 4879 ad
1956 4833 2132 4895 perennem

1387 4931 1501 4977 eorum
1531 4915 1674 4984 landem,
1699 4919 1731 4973 et
1752 4911 1787 4974 ad
1817 4911 1962 4974 fidelium
1991 4911 2134 4973 aeditica-

1389 5009 1508 5071 tionem
1532 5015 1564 5069 ei
1585 5006 1771 5084 exemplum
1795 5011 2035 5067 recenseantur.
2061 5004 2134 5064 Pro-

1387 5103 1461 5166 inde
1491 5100 1703 5178 gratissimam
1732 5115 1799 5162 rem
1832 5099 1922 5160 nobis
1951 5098 2081 5169 leceris,
2108 5098 2135 5158 si

1388 5196 1441 5259 illa
1460 5197 1496 5258 ad
1513 5211 1570 5258 nos
1585 5212 1648 5256 uua
1670 5211 1743 5256 oum
1766 5194 1852 5264 actis,
1877 5208 1958 5270 quae
1981 5193 2043 5255 huc
2065 5207 2135 5270 per·

1388 5291 1521 5361 tineent,
1545 5288 1643 5358 fideli,
1668 5293 1823 5365 quantum
1846 5287 1915 5348 lieri
1938 5287 2067 5365 poterit,
2092 5293 2135 5346 te·

1388 5384 1539 5446 stimonio
1555 5382 1694 5445 subulcis
1707 5381 1945 5460 diligenterque
1958 5379 2134 5459 descriptis

1389 5477 1526 5556 perferri
1548 5476 1723 5538 curaveris.

1428 5571 1498 5646 sb.
1521 5570 1672 5632 Ceterum
1702 5569 1865 5640 volumus,
1890 5579 1926 5632 ut
1948 5577 2059 5635 nostro
2082 5589 2137 5635 no-

1390 5665 1477 5726 mine
1505 5665 1670 5734 omnibus,
1698 5663 1751 5740 qui
1781 5663 1839 5725 sub
1868 5663 1987 5726 Christi
2016 5666 2138 5728 vexillo

1391 5758 1530 5820 militare
1546 5757 1737 5834 gloriantur,
1752 5771 1860 5818 veram
1877 5757 2076 5837 solidamque
2092 5776 2138 5822 sa-

629 5985 659 6038 (1)
675 5981 755 6028 clem.
770 5983 812 6025 111.
828 5975 961 6037 Epistulae
976 5975 1107 6022 abbrevia
1121 5974 1268 6032 selectiora,
1284 5979 1372 6022 tomtm
1387 5978 1414 6030 1.,
1430 5985 1488 6032 pag.
1505 5975 1551 6018 183.
