4814 6992
342 595 392 650 lin.
407 592 435 649 d.
450 589 518 648 toto

573 588 613 650 112

555 739 613 786 seu
624 723 698 785 alias
709 721 952 800 quomodolibet
962 721 995 781 in
1006 718 1203 782 contrarium
1214 733 1303 797 prae·

557 815 730 877 missorum
745 814 915 884 concessis,
929 811 1124 874 confirmatis
1139 828 1173 872 33
1184 811 1304 888 pluries

555 909 715 971 innovatis
737 917 769 972 et
790 908 980 986 approbatis.
1009 905 1128 980 Quibus
1154 904 1304 968 omnibus

557 1009 589 1063 et
609 1002 757 1079 singolis,
775 1003 897 1063 etiamsi
913 1016 971 1078 pro
986 999 1118 1062 illorum
1134 997 1304 1060 sufficienti

557 1094 766 1171 derogatione
789 1096 827 1157 de
849 1094 911 1156 illis
931 1107 1111 1169 eorumque
1127 1091 1200 1153 totis
1217 1099 1304 1153 tene*

522 1243 526 1250 .
558 1188 646 1250 ribus
675 1190 831 1266 specialis,
853 1187 1007 1266 specifica,
1033 1201 1184 1263 expressa
1205 1191 1237 1247 et
1258 1185 1304 1247 in-

558 1281 697 1355 dividua,
720 1300 754 1346 ac
776 1284 815 1345 de
835 1281 936 1343 verbo
951 1280 987 1341 ad
1005 1279 1153 1351 verbum,
1172 1295 1236 1340 non
1251 1295 1305 1340 au·

558 1381 623 1437 tem
646 1391 703 1454 per
725 1375 881 1438 clausulas
903 1373 1070 1452 generales
1085 1373 1170 1434 idem
1187 1373 1305 1451 impor-

559 1475 671 1542 tantes,
697 1471 818 1531 mentio
840 1485 897 1531 seu
919 1468 1051 1545 quaevis
1066 1467 1124 1528 alia
1140 1467 1305 1544 expressio

560 1561 713 1635 habenda,
737 1571 791 1624 aut
812 1561 916 1638 aliqua
937 1560 995 1622 alia
1018 1559 1175 1637 exquisita
1203 1559 1305 1622 lorma

558 1655 595 1717 ad
613 1656 671 1717 iroc
685 1657 839 1718 servanda
855 1653 948 1726 13331,
964 1661 1094 1716 tenores
1107 1653 1304 1725 huiusmodi,

559 1751 639 1812 acsi
662 1750 701 1811 de
723 1749 824 1811 verbo
845 1749 882 1810 ad
904 1747 1054 1820 verbum,
1078 1747 1158 1808 nibil
1181 1747 1306 1824 penitus

561 1844 689 1915 omisso,
714 1851 746 1905 et
767 1842 870 1904 lorma
885 1843 917 1904 in
932 1841 995 1904 illis
1013 1841 1124 1902 tradita
1141 1841 1306 1902 observata

560 1937 822 2015 exprimerentur
851 1943 882 1996 et
902 1936 1134 2006 insererentur,
1159 1949 1306 2012 praesen-

561 2029 644 2091 tibus
667 2045 725 2108 pro
746 2029 841 2108 plene
869 2034 902 2090 et
928 2027 1125 2090 sufficienter
1146 2028 1306 2104 expressis

561 2131 593 2188 et
613 2125 742 2186 insertis
766 2125 931 2195 babentes,
955 2121 1018 2183 illis
1040 2121 1115 2182 alias
1130 2122 1163 2182 in
1183 2137 1241 2182 suo
1258 2137 1306 2183 ro-

562 2218 639 2280 bore
662 2219 891 2296 permansuris,
918 2217 954 2278 ad
984 2216 1234 2293 praemissorum
1265 2214 1307 2276 el-

561 2311 693 2383 lectum,
718 2311 774 2373 lrac
795 2311 865 2373 vice
887 2310 1051 2373 dumtaxat
1075 2307 1255 2386 specialiter
1277 2315 1309 2368 et

562 2420 714 2482 expresse
736 2405 929 2481 derogamus
958 2409 990 2464 et
1018 2403 1207 2479 derogatum
1238 2417 1308 2463 3333

561 2498 733 2572 33133133;
767 2497 948 2574 ceterisque
980 2495 1147 2558 contrariis
1179 2495 1308 2572 quibus-

561 2607 711 2669 cumque.

602 2684 714 2746 [iatum
742 2684 871 2754 Rornae,
898 2681 979 2760 apud
1007 2681 1038 2744 S.
1067 2681 1194 2742 llariam
1218 2681 1308 2742 11313-

563 2793 644 2848 rem,
668 2778 727 2840 sub
743 2776 862 2839 annulo
884 2775 1062 2846 Piscatoris,
1087 2775 1138 2836 die
1153 2789 1233 2835 xxxx.
1258 2775 1309 2835 de·

562 2871 701 2934 33331313
716 2885 870 2942 333333.,
888 2868 1089 2946 pontificatus
1105 2869 1206 2930 nostri
1222 2885 1272 2930 an.
1287 2885 1308 2928 ι.

920 3245 956 3306 ll.

567 3438 715 3500 03313331
735 3434 895 3516 superiori
916 3439 1015 3494 coast.
1039 3432 1120 3494 Cum
1136 3433 1312 3502 31331331-

514 3557 518 3564 ·
603 3533 670 3594 lem
689 3527 927 3612 praeiudicium
954 3525 1054 3605 scisse
1082 3525 1312 3588 1131331331-

604 3623 661 3688 bus
684 3623 714 3685 S.
741 3621 808 3685 Sed.
834 3621 891 3702 Ap.
914 3620 926 3699 (
948 3617 970 3698 ).

776 3789 960 3858 GLEMENS
984 3789 1046 3855 ΡΡ.
1071 3790 1105 3855 x.

685 3914 721 3981 ad
737 3918 917 3997 perpetuen
941 3911 984 3976 rei
1008 3911 1192 3977 memoriam.

354 4109 500 4154 Declaratio
515 4109 546 4153 la-

335 4165 378 4208 cta
401 4161 488 4207 favore
513 4163 546 4206 iu

335 4216 406 4260 rium
437 4227 547 4260 coronat·

335 4270 520 4325 portugalliae.

1075 601 1139 647 11111.
1165 601 1256 646 ΡΟΝΤ.
1281 603 1321 646 ott
1343 602 1372 646 P.
1397 602 1426 646 F.
1451 601 1533 645 PARS
1556 602 1577 646 l.

2145 577 2196 634 An.
2210 576 2237 632 G.
2254 572 2333 631 1670

1360 734 1423 796 que
1445 725 1685 780 antecessorum
1708 733 1825 796 regum
1854 723 1955 790 erant,
1984 729 2107 776 reman-

1359 813 1438 874 sisse
1470 817 1502 872 et
1533 827 1702 874 remanere
1734 811 1766 873 in
1803 811 1955 874 omnibus
1984 816 2017 871 et
2051 821 2108 884 per

1360 905 1477 976 omnia,
1496 904 1628 983 perinde
1644 921 1677 965 33
1692 905 1718 965 31
1739 906 1869 967 eaedem
1886 901 2108 965 innovationes

1361 998 1450 1061 nullo
1473 997 1569 1060 modo
1591 1012 1732 1074 unquam
1755 997 1854 1061 133133
1882 997 2027 1064 luissent,
2057 995 2108 1056 de-

1360 1091 1562 1163 claravimus,
1587 1096 1619 1152 et
1640 1092 1726 1164 alias,
1744 1098 1841 1169 prout
1862 1093 1895 1153 in
1918 1089 2034 1152 nostris
2056 1089 2109 1150 de-

1359 1201 1457 1263 super
1478 1184 1512 1246 in
1534 1184 1630 1246 simili
1654 1184 1755 1246 lorma
1776 1185 1885 1246 brevis
1900 1182 2057 1260 expeditis
2072 1180 2108 1242 li-

1362 1279 1450 1350 teris,
1474 1292 1608 1354 quorum
1634 1285 1778 1339 tenorem
1804 1275 2024 1355 praesentibus
2051 1289 2108 1352 pro

1362 1371 1456 1448 plene
1492 1378 1525 1432 et
1547 1370 1755 1432 sullicienter
1787 1369 1967 1449 expressis,
2004 1384 2037 1429 ac
2069 1369 2109 1429 de

1361 1464 1462 1526 verbo
1477 1465 1513 1526 ad
1530 1464 1666 1526 verbum
1680 1464 1809 1526 insertis
1822 1463 1931 1525 baberi
1943 1461 2106 1532 volumus,

1361 1557 1494 1620 uberius
1517 1558 1718 1632 continetur3
1743 1562 1775 1618 et
1795 1556 1890 1636 (sieut
1915 1555 2109 1634 accepimus)
2161 1565 2238 1608 3333
2262 1563 2360 1639 alares

1362 1651 1528 1730 praetendi
1557 1650 1664 1712 lorsan
1686 1651 1786 1728 possit
1807 1666 1863 1727 per
1885 1649 2109 1712 innovationes
2129 1618 2361 1716 i¹assbiss.d⁶⁰¹²²¹³'

1363 1745 1548 1807 buiusmodi
1570 1743 1689 1821 aliquid
1713 1743 1897 1821 praeiudicii
1911 1743 2035 1806 iuribus
2052 1744 2107 1804 bu-

1362 1839 1411 1900 ius
1427 1837 1558 1900 Sanctae
1571 1835 1661 1899 Sedis
1674 1836 1872 1914 apostolieae
1887 1836 2010 1898 illatum
2027 1853 2108 1906 esse,

1363 1940 1417 1994 331
1437 1931 1550 1994 1313331
1572 1945 1703 2008 quoquo
1728 1930 1823 1992 modo
1839 1946 1946 2008 posse:

1403 2025 1471 2101 §2
1496 2025 1575 2086 llinc
1597 2031 1656 2096 est,
1681 2024 1765 2101 quod
1789 2039 1858 2096 nos,
1875 2024 1985 2100 quiex
2005 2023 2112 2086 debito

1364 2118 1528 2198 pastoralis
1544 2117 1649 2190 cilicii,
1664 2117 1755 2179 nobis
1771 2117 1925 2179 divinitus
1937 2117 2110 2186 commissi,

1365 2213 1432 2275 iura
1455 2213 1556 2274 dictae
1579 2210 1670 2274 Sedis
1691 2211 1777 2273 tueri
1800 2219 1832 2272 et
1851 2211 1970 2273 illibata
1985 2227 2113 2273 conser-

1364 2322 1441 2368 vare
1456 2313 1617 2377 tenemur,
1632 2306 1776 2367 eiusdem
1792 2303 1882 2368 Sedis
1897 2305 2110 2376 indemnitati,

1366 2400 1422 2462 lrac
1443 2400 1476 2460 in
1499 2416 1545 2470 re,
1569 2409 1723 2476 quantum
1750 2415 1822 2460 cum
1846 2399 1982 2460 Domino
2004 2415 2112 2477 possu-

1365 2510 1448 2564 mus,
1473 2492 1644 2554 consulere
1665 2492 1824 2564 volentes,
1847 2499 1947 2564 motu,
1969 2492 2110 2560 scientia,

1366 2587 1598 2649 deliberatione
1617 2593 1649 2648 et
1670 2587 1835 2665 potestatis
1851 2586 2050 2664 plenitudine
2063 2602 2113 2663 pa-

1366 2679 1466 2750 ribus,
1490 2695 1548 2756 per
1570 2679 1723 2756 praelatas
1746 2686 1777 2741 et
1798 2679 1873 2741 alias
1895 2695 2114 2758 quascumque

1366 2772 1600 2842 innovationes,
1625 2787 1706 2848 quae
1729 2772 1809 2834 circa
1831 2772 2033 2849 provisiones
2049 2789 2115 2834 me·
2151 2782 2278 2846 ‚nectarco
2295 2792 2364 2833 oro-

1367 2866 1632 2944 tropolitanarum
1657 2873 1688 2926 et
1715 2866 1946 2928 cathedralium
1969 2865 2115 2928 ecclesia·
2133 2835 2362 2950 ssissffisqssg‘fffij

1366 2974 1439 3019 rum
1473 2957 1685 3035 praelatarum
1716 2973 1772 3018 seu
1804 2956 1936 3020 alterius
1965 2958 2112 3030 illarum,
2133 2947 2361 3048 fflqgssalf'ffi

1368 3057 1439 3128 post
1459 3051 1627 3112 decessum
1657 3058 1911 3113 memoratorum
1938 3050 2114 3114 Sebastiani
2133 3055 2191 3147 3032
2210 3049 2361 3146 {sees-“⁰112

1368 3149 1400 3206 et
1426 3142 1553 3204 Henriei
1582 3158 1716 3220 regum,
1746 3143 1965 3222 principaliter
1993 3146 2046 3208 vel
2067 3163 2115 3208 ae·
2134 3115 2363 3209 n‘ZJiiciaifssgassi

1367 3236 1525 3310 cessorie,
1560 3237 1628 3299 sive
1660 3233 1887 3304 antecedenter
1919 3239 1971 3302 vel
2004 3256 2114 3302 conse·
2134 3209 2362 3307 2ssssd³tr⁰a¹1¹i¹i⁵offi

1367 3337 1505 3408 quenter
1527 3338 1581 3392 aut
1600 3333 1863 3403 concomitanter,
1880 3333 1933 3394 vel
1947 3333 2021 3394 31133
2037 3350 2115 3411 quo·
2134 3320 2158 3362 ⁸·
2174 3315 2252 3361 ΜΒ·

1368 3423 1503 3485 molibet
1530 3423 1628 3484 laetae
1654 3423 1798 3497 luerunt,
1828 3441 1885 3488 seu
1915 3441 1991 3503 quas
2020 3427 2115 3490 133133

1368 3516 1468 3578 131333
1489 3518 1522 3577 13
1545 3523 1710 3594 posterum
1735 3519 2004 3597 quandocumque
2025 3537 2116 3600 appa·

1369 3609 1483 3682 ruerit,
1508 3627 1541 3671 33
1563 3610 1651 3671 inde·
1666 3619 1774 3672 secuta
1796 3619 1827 3674 et
1848 3622 1998 3676 secutura
2022 3630 2116 3692 quae-

1263 3767 1270 3788 ,
1369 3719 1509 3781 cumque
1531 3703 1657 3766 nullum
1674 3706 1817 3778 omnino,
1835 3706 1930 3768 etiam
1946 3717 2115 3784 quantum-

606 4095 675 4171 §1-
700 4093 778 4155 Cum
804 4105 861 4152 nos
883 4087 991 4160 hodie,
1015 4093 1105 4149 motu
1130 4087 1261 4165 proprio
1282 4103 1316 4148 ac

568 4207 607 4254 ex
630 4199 715 4252 certa
736 4185 867 4249 scientia
889 4190 921 4245 et
942 4189 1065 4244 matura
1085 4181 1315 4243 deliberatione

568 4269 697 4356 nostris,
721 4283 825 4358 deque
847 4277 1036 4356 apostolicae
1059 4275 1222 4354 potestatis
1251 4275 1315 4353 ple-

568 4379 724 4449 nitudine,
748 4391 805 4454 per
833 4385 1050 4450 quascumque
1078 4369 1313 4440 innovationes,

567 4459 648 4550 qu'ae
663 4472 743 4532 31333
759 4465 960 4546 provisiones
976 4463 1182 4526 ecclesiarum
1196 4469 1315 4525 metro-

566 4566 778 4644 politanarum
816 4567 848 4622 et
882 4557 1112 4622 cathedralium
1141 4558 1174 4618 in
1204 4558 1315 4620 Portu·

567 4659 679 4737 galliae
701 4664 733 4718 et
753 4654 979 4731 Algarbiorum
1002 4651 1112 4727 regnis
1135 4666 1315 4728 eorumque

566 4753 660 4816 indiis
690 4758 722 4813 et
749 4747 924 4826 conquistis
955 4745 1213 4818 consistentium,
1244 4751 1315 4823 post

567 4849 733 4910 decessum
757 4843 832 4906 clar.
857 4856 954 4902 mem.
981 4837 1157 4902 Sebastiani
1179 4845 1211 4900 et
1232 4839 1314 4901 Η33-

566 4941 634 5012 3131,
652 4939 729 5001 dum
744 4938 907 5007 vixerunt,
924 4931 1138 5009 Portngalliae
1153 4938 1185 4993 et
1204 4932 1314 5010 aligar-

568 5035 693 5096 biorum
717 5045 833 5106 regum
856 5026 1043 5096 illustrium,
1071 5025 1315 5102 quomodolibet

567 5127 665 5190 133133
686 5123 830 5194 1333331,
854 5121 978 5183 iuribus
997 5135 1133 5182 coronae
1150 5119 1314 5197 Portugal-

567 5221 627 5284 liae
649 5218 739 5282 nullo
761 5217 857 5278 modo
879 5214 1128 5292 praeiudicatum
1158 5229 1238 5285 esse,
1262 5221 1315 5275 aut

569 5311 733 5393 praetendi
755 5323 864 5387 posse,
895 5308 951 5369 sed
981 5306 1087 5368 omnia
1116 5312 1148 5367 et
1175 5307 1313 5382 singula,

568 5406 769 5486 provisiones
792 5401 977 5464 earumdem
1008 5399 1214 5462 ecclesiarum
1237 5416 1314 5478 quo-

568 5501 617 5562 vis
645 5499 741 5560 modo
770 5495 1013 5566 concernentia,
1037 5494 1069 5556 in
1092 5511 1129 5556 eo
1152 5501 1253 5565 statu,
1282 5495 1314 5556 in

568 5587 1315 5672 quoanteinnovationeshuiusmodi,tempore

570 5687 785 5766 praelatorum
799 5683 974 5746 Sebastiaoi
994 5689 1025 5744 et
1040 5681 1168 5744 llenrici
1187 5697 1314 5743 eorum-

1369 3797 1418 3857 vis
1442 3796 1603 3859 modicum
1626 3805 1658 3859 et
1679 3799 1862 3872 minimum,
1886 3801 2116 3878 praeiudicium

1370 3891 1568 3968 quibuslibet
1603 3890 1692 3953 Sedis
1724 3892 1924 3972 apostolicae
1961 3895 2116 3976 praelatae

1370 3984 1507 4057 iuribus,
1523 3986 1604 4047 circa
1620 3988 1819 4064 provisiones
1835 3989 2042 4052 eeclesiarum
2060 3993 2117 4052 bu-

1370 4079 1509 4142 iusmodi
1541 4081 1588 4142 illi
1621 4082 1848 4160 undecumque
1876 4101 1910 4146 ac
1941 4087 2117 4162 quomodo-

1370 4189 1510 4251 cumque
1539 4185 1572 4238 et
1602 4177 1880 4254 qualitercumque
1909 4181 2117 4258 competenti-

1371 4274 1430 4336 bus
1459 4281 1491 4336 et
1518 4273 1739 4350 competitoris
1768 4273 1819 4334 vel
1849 4273 1886 4334 ab
1915 4289 1951 4335 ea
1972 4282 2118 4352 praeten-

1370 4369 1424 4441 sis,
1448 4367 1571 4430 illatum
1603 4384 1673 4432 esse
1695 4383 1752 4428 seu
1782 4367 1889 4440 131333,
1917 4375 1971 4430 331
1991 4369 2116 4432 illatum

1371 4463 1442 4534 dici,
1466 4461 1603 4532 censeri,
1627 4461 1764 4537 intelligi
1792 4461 1845 4523 vel
1873 4463 2038 4539 praetendi
2060 4480 2117 4526 un-

1370 4571 1464 4632 quam
1483 4571 1585 4633 posse,
1603 4569 1709 4632 neque
1725 4555 1898 4631 quidquam
1915 4556 2003 4628 iuris,
2021 4558 2115 4618 etiam

1370 4650 1577 4726 quantumvis
1610 4649 1771 4711 modicum
1804 4655 1836 4710 et
1863 4650 2053 4724 minimum,
2085 4652 2116 4712 in

1373 4743 1602 4822 praeiudicium
1625 4744 1724 4804 dictae
1748 4742 1850 4816 Sedis,
1869 4759 1925 4820 per
1940 4743 2117 4806 innovatio·

1370 4854 1427 4898 nes
1450 4837 1644 4908 huiusmodi,
1665 4853 1802 4899 3333333
1824 4837 1981 4914 praelatae
2004 4845 2036 4898 et
2050 4837 2118 4899 aliis

1370 4931 1553 5007 quibusvis,
1588 4930 1682 4991 etiam
1715 4930 1860 5008 specifica
1892 4937 1924 4990 et
1955 4930 2116 4993 individua

1371 5025 1536 5086 mentione
1567 5025 1682 5100 dignis,
1707 5024 1821 5100 quovis
1851 5025 1946 5085 modo
1974 5025 2115 5086 additum

1370 5119 1421 5180 vel
1444 5117 1635 5195 acquisitum
1658 5133 1728 5179 esse
1750 5117 1801 5178 vel
1825 5117 1921 5179 luisse
1943 5125 1997 5179 aut
2020 5133 2116 5195 quan·

1370 5213 1553 5288 donumque
1586 5211 1671 5280 lore,
1706 5211 1761 5271 sed
1795 5210 1901 5272 omnia
1929 5221 1961 5272 et
1992 5212 2117 5288 singula

1371 5306 1514 5368 eiusdem
1550 5305 1640 5367 Sedis
1669 5305 1738 5366 iura
1771 5304 1955 5366 huiusmodi
1989 5321 2117 5384 semper

1370 5401 1507 5477 integra,
1531 5399 1649 5470 illaesa,
1673 5399 1798 5469 intacta,
1823 5398 1942 5460 illibata
1963 5400 2050 5461 acin
2072 5400 2117 5462 ni·

1371 5494 1437 5556 bilo
1459 5494 1615 5555 diminuta
1637 5492 1689 5553 vel
1711 5491 1893 5554 labefactata
1916 5500 1977 5554 tam
2000 5492 2031 5554 in
2048 5510 2117 5572 pos·

1370 5587 1519 5658 sessorio,
1544 5602 1637 5663 quam
1661 5587 1694 5647 in
1716 5587 1878 5663 petitorio,
1903 5593 1935 5648 et
1949 5586 2023 5648 alias
2042 5604 2118 5664 quo-

1371 5681 1559 5753 modolibet,
1585 5689 1740 5758 perpetuo
1763 5695 1932 5742 remanere
1959 5680 1991 5742 in
2019 5682 2119 5743 omni-

610 5931 691 5983 111113
713 5925 840 5971 Mainordi
862 5925 907 5976 qui
930 5928 1058 5969 1333133333
1079 5929 1312 5976 333313333333333
1329 5923 1392 5967 dicit
1412 5928 1438 5968 et
1461 5923 1559 5978 registr
1583 5923 1608 5966 iu
1626 5925 1721 5968 Secret.
1740 5921 1861 5967 ltrevium
1877 5922 1921 5966 lib.
1938 5922 2023 5978 primo
2038 5921 2120 5966 diver-

569 6008 621 6041 sor.
636 5995 678 6040 sol.
693 5997 739 6038 ldl.
