4756 6994
845 605 1042 652 BENEDlC'l'US
1065 607 1114 650 PP.
1140 605 1209 650 xlll.

253 726 291 786 ab
311 725 568 788 antecessoribus
592 725 709 787 nostris
732 725 878 787 lfomanis
895 723 1000 786 Ponti-

254 818 365 880 ficibus
394 819 516 880 eisdem
547 818 707 882 Tertiariis
736 835 884 885 concessa
907 835 1000 880 reno-

254 912 398 972 uauimus
420 918 452 972 et
473 911 747 982 confirmavimus,
772 919 806 972 ut
821 911 953 974 alacrius
969 921 1001 974 et

253 1005 392 1066 sanctius
427 1005 491 1066 lleo
528 1005 674 1066 famulari
711 1014 896 1082 pergerent.
939 1007 998 1070 Sed

254 1104 373 1174 postea,
391 1113 455 1160 uon
471 1099 539 1160 sine
562 1099 771 1162 admiratione
793 1108 887 1176 atque
903 1102 1000 1162 animi

254 1191 356 1252 nostri
385 1191 548 1264 molestia,
573 1192 646 1252 inde
670 1200 753 1253 ortas
780 1193 1000 1254 altercationes

253 1285 452 1354 audiuimus,
487 1285 680 1360 easdemque
712 1293 836 1346 nostras
873 1286 998 1358 literas,

253 1392 335 1453 quae
357 1393 438 1439 unos
461 1377 632 1438 'tertiarios
655 1378 804 1439 iratribus
828 1379 1001 1442 Minoribus

253 1487 269 1530 a
290 1471 433 1547 regulari
455 1468 661 1534 Obseruantia
685 1474 874 1550 nuncupatis
897 1474 1001 1536 subie-

254 1573 322 1624 ctos
345 1564 531 1642 respiciunt,
555 1573 664 1626 contra
693 1574 834 1627 ineuntem
859 1575 1000 1630 nostram

252 1657 291 1716 ad
320 1655 398 1718 alios
427 1655 610 1726 Tertiarios,
643 1658 702 1718 sub
732 1657 843 1734 regula
870 1661 1000 1736 guidem

254 1748 289 1809 Β.
315 1747 469 1810 Francisci
492 1749 558 1812 Deo
580 1749 781 1822 famulantes,
802 1753 856 1814 sed
873 1753 999 1830 speciali

254 1849 329 1904 nota
358 1843 482 1919 dignos,
507 1844 604 1919 inque
627 1845 737 1906 iisdem
760 1846 861 1906 literis
885 1849 1001 1908 nostris

254 1935 389 1996 minime
427 1937 607 1998 nominatos
642 1945 696 1998 aut
730 1940 998 2015 comprehensos,

254 2043 425 2107 perperam
458 2031 599 2092 detortas
632 2030 730 2092 fuisse
763 2033 1000 2108 intelleximus3

253 2125 310 2200 qui
323 2139 397 2184 saue
410 2123 556 2185 Tertiarii
573 2125 723 2186 iratribus
737 2125 910 2188 Minoribus
922 2145 937 2186 a
955 2144 1001 2188 re-

233 2211 236 2216 “
252 2217 359 2292 gulari
374 2216 581 2280 Obseruantia
597 2219 785 2296 nuncupatis
801 2220 891 2282 nullo
908 2223 1002 2283 mode

252 2309 409 2384 subsunt3
439 2312 494 2370 sed
527 2312 674 2374 ministro
704 2313 846 2388 generali
876 2313 1002 2376 Ordinis

252 2402 392 2464 fratrum
425 2403 583 2466 itinerum
619 2405 699 2467 beati
732 2405 910 2480 transisti,
947 2410 1001 2486 qui

251 2495 421 2573 Capuccini
452 2495 704 2575 appellantem
733 2515 797 2575 quo
820 2507 852 2561 et
873 2501 910 2562 ab
933 2503 1002 2562 eius

251 2591 451 2652 secundariis
479 2591 636 2652 ministris
657 2592 689 2652 in
712 2594 809 2653 rebus
832 2594 1003 2671 spirituali-

253 2683 316 2743 bus
337 2683 449 2746 directi
471 2685 604 2744 omnino
626 2686 810 2762 dependent
834 2693 928 2762 atque
951 2687 1003 2748 ha-

253 2775 357 2837 bitum
380 2775 569 2852 religiosum
590 2778 758 2855 accipiunt.

1729 583 1785 645 109
1841 585 1893 639 Au.
1907 584 1935 639 C.
1950 581 2019 638 tutu

1055 739 1225 802 scoparum
1243 730 1275 785 et
1290 725 1488 800 regularium
1507 723 1695 802 praeposita,
1709 723 1745 783 ad
1764 722 1804 783 fa-

1056 832 1168 878 uorem
1192 817 1382 880 dilectorum
1409 817 1547 878 filiorum
1566 816 1698 878 fratrum
1716 815 1804 878 Ordi·

1056 911 1104 972 nis
1129 910 1286 972 llinorum
1311 911 1416 972 Sancti
1439 909 1595 972 Francisci
1613 909 1803 988 Capuccino-

1056 1019 1126 1064 rurn
1153 1011 1423 1081 rtuurcupatoruru,
1442 1004 1534 1080 regni
1554 1003 1726 1072 Sardiniae,
1746 1011 1804 1064 trra

1055 1098 1193 1168 decreta,
1218 1098 1382 1159 videlicet:

1096 1189 1128 1250 ln
1159 1206 1249 1250 causa
1281 1198 1429 1252 uertente
1462 1191 1547 1252 inter
1576 1191 1631 1251 PP.
1666 1190 1802 1250 itineres
1858 1212 2037 1272 raeci-aratra

1056 1283 1248 1360 Capuccinos
1278 1285 1371 1358 regni
1405 1283 1567 1344 Santiniae
1597 1299 1636 1344 eu
1666 1300 1738 1354 una,
1770 1291 1802 1344 et
1823 1267 1915 1372 ζξὲἓξῖἦ
1938 1265 2059 1360 Ῐζξῖἰῗξξζῗ

1057 1377 1112 1438 PP.
1138 1377 1276 1438 llincrcs
1299 1378 1337 1438 de
1359 1377 1566 1438 Obseruantia
1588 1377 1730 1438 eiusdem
1754 1393 1802 1438 re·
1823 1371 2036 1425 “¹¹¹³llll'lllt

1056 1471 1122 1546 gni,
1146 1487 1215 1537 seu,
1244 1479 1318 1542 etc,
1350 1471 1492 1548 partibus
1515 1487 1554 1531 eu
1577 1472 1686 1540 altera,
1711 1473 1749 1532 de
1772 1479 1804 1531 et
1822 1423 2038 1538 ssgbissssdc'sspss‘ssssil

1056 1579 1153 1641 super
1181 1563 1384 1641 infrascripto
1413 1565 1520 1636 dubio,
1553 1581 1669 1640 nempe
1692 1581 1730 1624 an
1754 1531 2035 1640 pa·iii¹311¹i¹sssfgi'if.¹³¹¹¹

1057 1659 1158 1720 tribus
1188 1659 1373 1736 Oaprrccinis
1402 1659 1492 1734 regni
1528 1655 1689 1718 Sardiniae
1711 1657 1805 1718 liceat

1057 1752 1241 1828 dispensare
1270 1768 1327 1812 seu
1357 1751 1550 1812 distribuere
1581 1751 1722 1811 babitum
1746 1766 1801 1811 seu

1056 1845 1220 1922 scapulare
1243 1860 1374 1922 paruum
1400 1861 1472 1906 cum
1500 1845 1630 1920 cingulo
1653 1843 1684 1906 S.
1710 1845 1804 1906 Fran-

1057 1939 1129 2000 cisci
1151 1939 1365 2000 saecularibus
1388 1937 1557 2015 utriusque
1572 1955 1667 1999 serus
1685 1940 1715 2000 in
1733 1955 1803 2015 pro-

1059 2033 1133 2108 priis
1157 2033 1305 2092 alentibus
1328 2039 1360 2092 et
1381 2033 1441 2091 sub
1474 2032 1694 2093 iurisdictione
1716 2030 1804 2093 Ordi-

1058 2124 1138 2186 narii
1161 2125 1356 2194 uiuentibus,
1380 2126 1434 2200 atui
1457 2125 1708 2186 denominantur
1730 2125 1804 2185 Ter·

1059 2218 1140 2278 tiarii
1163 2235 1220 2278 seu
1237 2217 1335 2278 Tertii
1357 2217 1495 2288 Ordinis,
1519 2234 1640 2294 eosque
1663 2219 1804 2294 dirigere

1057 2313 1089 2370 in
1112 2310 1330 2386 spiritualibus
1352 2309 1438 2370 iuxta
1462 2309 1589 2386 regulas
1610 2309 1683 2371 tlicti
1706 2310 1805 2370 Tertii

1057 2401 1183 2464 Ordinis
1199 2419 1232 2464 rn
1249 2403 1385 2480 propriis
1408 2403 1561 2478 ecclesiis;
1579 2404 1611 2464 in
1627 2421 1712 2474 casu,
1730 2411 1803 2478 etc.;

1057 2513 1143 2556 sacra
1170 2497 1385 2573 congregatio
1415 2497 1746 2558 eminentissimorum
1775 2506 1806 2558 et

1058 2590 1404 2651 reverendissimorum
1421 2591 1452 2650 S.
1477 2589 1512 2650 lt.
1538 2589 1572 2650 E.
1590 2587 1803 2652 cardinalium

1058 2683 1197 2759 negotiis
1219 2689 1251 2744 et
1272 2683 1558 2744 consultationibus
1574 2681 1804 2760 Episcoporum

1059 2785 1090 2838 et
1112 2776 1311 2852 regularium
1343 2777 1531 2854 praeposita,
1566 2776 1708 2852 partibus
1731 2777 1805 2854 ipsis

1057 2869 1183 2940 auditis,
1208 2867 1371 2930 referente
1390 2869 1647 2930 eminentissimo
1662 2868 1802 2930 Gabriel·

1059 2963 1112 3034 lio,
1135 2963 1260 3024 censuit
1284 2979 1318 3022 ac
1340 2962 1512 3023 declaravit
1541 2971 1726 3039 competere
1755 2980 1803 3039 pa-

1059 3057 1160 3118 tribus
1189 3055 1373 3133 Oapuccinrs
1406 3055 1587 3117 facultatem
1617 3056 1804 3118 conferendi

31 2847 36 3006 Ι
75 2897 233 2938 aerumnam·
296 2869 316 2942 ἓ
336 2867 366 2929 2.
390 2869 562 2946 Propterea
579 2871 652 2931 buic
667 2873 770 2934 errori
787 2882 819 2935 et
833 2874 1002 2937 incomoda

32 3009 33 3012 ,
68 2951 233 3048 „³,³,{=¹,¹J,',¹{'};”.„{1'{⁶22
254 2977 317 3037 pro
331 2968 439 3022 nostra
454 2963 641 3024 auctoritate
657 2971 688 3024 et
703 2965 919 3028 sollicitudine
932 2985 1002 3045 pro·

32 3051 33 3056 ’
85 3055 233 3164 ῑὶἱιὺιιιῐξιὲςίυιὲιέ
253 3056 380 3132 spicere
395 3055 572 3132 cupientes,
590 3059 779 3118 eorumdem
796 3059 930 3121 fratrum
951 3061 1003 3122 lli-

78 3162 233 3258 ffii'assffr‘i‘ssss
253 3163 374 3210 uerum
396 3148 480 3210 beati
502 3146 670 3220 Francisci,
695 3152 749 3226 qui
768 3153 937 3230 Capucciui
952 3171 1003 3232 ap-

253 3241 429 3320 pellantur,
462 3241 531 3302 iura
564 3247 596 3302 et
628 3243 807 3320 priuilegia,
843 3261 937 3323 saepe
970 3248 1002 3308 in

252 3333 380 3396 iudiciis
403 3335 658 3396 contradictoriis
684 3351 790 3396 coram
813 3338 1003 3399 uenerabili-

251 3427 316 3490 bus
330 3427 481 3488 fratribus
497 3427 613 3488 nostris
630 3427 661 3488 S.
679 3427 714 3489 ll.
733 3428 768 3490 E.
782 3429 1002 3493 Cardinalibus

251 3517 479 3581 consultationi
513 3523 550 3582 de
583 3520 681 3581 rebus
708 3521 937 3600 Episcoporum
972 3533 1003 3586 et

251 3613 455 3690 regularium
489 3613 676 3692 praepositis
712 3615 806 3692 plene
842 3617 1000 3690 discussa,

251 3707 484 3786 pontificioque
499 3709 628 3770 oraculo
643 3725 677 3770 ac
699 3709 801 3772 literis
823 3711 1002 3788 apostolicis

250 3819 268 3861 a
292 3800 395 3862 felicis
416 3801 646 3864 recordationis
669 3801 837 3865 Clemente
856 3805 935 3881 Papa
951 3805 1000 3868 lll.

250 3905 458 3959 antecessore
488 3905 599 3958 nostro
628 3900 813 3962 confirmata
835 3909 930 3978 atque
953 3919 1003 3980 ap-

252 3989 398 4070 probata,
415 4007 485 4064 nos,
502 3992 726 4070 praesentibus
743 4004 935 4072 perpetuum
953 4013 1003 4059 rc-

253 4086 318 4146 bur
339 4085 550 4163 imposterum
575 4086 741 4158 habituris,
759 4095 830 4164 post
845 4097 1002 4150 maturam

252 4183 534 4254 ileliberatiouem,
559 4191 647 4244 motu
671 4184 800 4262 proprio
817 4191 849 4244 et
864 4200 902 4246 en
918 4191 1002 4246 certa

252 4281 399 4352 scientia,
423 4281 460 4342 ad
476 4279 631 4342 tollendas
650 4295 870 4356 quascumque
885 4279 1003 4342 discor·

253 4378 335 4448 dias,
368 4376 486 4437 iterum
524 4375 688 4435 munimus
718 4381 751 4435 et
777 4374 1000 4451 approbamus,

252 4473 483 4534 confirmantes
516 4471 622 4532 omnia
653 4471 733 4540 iura,
766 4471 999 4542 immunitates,

252 4567 432 4636 facultates
456 4565 703 4644 praerogativas,
728 4566 855 4641 gratias,
881 4565 1002 4627 indulta

252 4669 287 4723 et
322 4660 488 4738 priuilegia
520 4659 668 4720 ministro
702 4659 843 4734 generali
875 4657 1002 4720 Ordinis

253 4757 393 4816 fratrum
430 4753 588 4814 itinerum
625 4752 707 4814 beati
740 4751 913 4824 Francisci,
947 4754 1001 4830 qui

251 4847 424 4926 Gapuccini
460 4846 682 4923 appellantur,
720 4845 933 4923 competentia
970 4847 1001 4908 in

251 4941 454 5004 conferendo
483 4941 596 5002 eodem
628 4939 781 5016 scapulari
812 4948 844 5000 et
872 4941 1002 5016 cingulo

252 5035 418 5098 Tertiariis
449 5035 508 5095 sibi
539 5033 701 5103 subiectis,
735 5048 816 5109 quae
843 5035 948 5095 omnia
974 5035 1002 5094 ei

252 5131 332 5192 olim
357 5129 488 5190 fuerunt
506 5127 691 5194 adiudicata,
709 5127 918 5203 eiusdemque
933 5127 1002 5190 Ole-

253 5222 374 5284 rnentis
398 5223 496 5299 Papae
513 5219 563 5282 xl.
589 5221 690 5282 literis
714 5221 910 5292 confirmata,
929 5237 1002 5298 qua-

251 5333 328 5378 rum
352 5323 444 5378 tenor
466 5323 529 5377 est:

461 5487 648 5551 ctunnns
670 5487 725 5550 PP.
751 5488 801 5548 lll.

376 5611 416 5673 od
437 5609 586 5689 futurum
612 5609 660 5670 rei
684 5611 880 5672 mensorium.

78 5801 170 5900 'agnini
184 5807 233 5904 gife-
296 5787 494 5847 Errranarunl
520 5799 623 5861 nuper
645 5783 934 5861 acongreganone
950 5800 1003 5845 ve·

100 5916 122 5948 e.-
141 5921 161 5952 ra
181 5925 233 5958 con·

253 5879 447 5942 nerabilium
464 5877 599 5938 fratrum
615 5885 761 5938 nostrum
779 5877 810 5938 S.
829 5877 863 5938 R.
879 5878 914 5938 lt.
931 5878 1003 5939 Gar-

253 5973 422 6044 dinalium,
437 5971 579 6052 negociis
591 5979 623 6032 et
634 5971 919 6034 consultationibus
932 5971 1003 6049 Epi-

1057 3149 1220 3226 s'capulare
1245 3165 1318 3210 cum
1344 3149 1474 3224 cingulo
1501 3147 1532 3210 S.
1556 3147 1724 3209 Francisci.
1747 3150 1806 3210 Re·

1059 3257 1139 3312 mac,
1163 3241 1214 3302 die
1238 3257 1302 3302 rur.
1326 3255 1401 3302 nou.
1426 3257 1562 3302 nuncin.
1587 3241 1626 3301 Et
1647 3241 1697 3301 die
1715 3259 1803 3303 xxix.

1058 3335 1210 3396 februarii
1243 3351 1373 3396 nuccru.
1405 3335 1512 3396 denuo
1534 3335 1649 3395 auditis
1677 3335 1806 3412 religio-

1057 3429 1100 3489 sis
1131 3428 1265 3489 fratrum
1297 3427 1455 3490 lfinorum
1486 3429 1524 3489 de
1545 3425 1752 3489 Obseruantia
1775 3435 1807 3490 et

1059 3529 1183 3599 patrum
1221 3521 1380 3582 itinerum
1413 3519 1666 3598 Capuccinorutu
1701 3519 1804 3582 Sancti

1046 3613 1225 3686 francisci,
1244 3615 1405 3676 referente
1422 3616 1536 3676 eodem
1548 3614 1805 3681 eminentissimo

1058 3707 1241 3778 Gabriellie,
1273 3709 1519 3770 eminentissimi
1549 3717 1652 3786 patres
1674 3725 1805 3770 censue-

1059 3805 1145 3870 runt,
1177 3801 1414 3876 persistendum
1448 3816 1518 3861 esse
1549 3801 1581 3860 in
1611 3799 1723 3860 decisis
1746 3799 1805 3860 sub
1894 3813 1896 3820 ’

1059 3894 1216 3972 praedicta
1232 3893 1282 3954 die
1298 3909 1363 3954 xvi.
1380 3893 1567 3954 novembris
1589 3909 1726 3954 nuccn..
1748 3893 1805 3954 lte-

1060 3977 1140 4058 inae‚
1175 3996 1234 4048 etc.
1269 3986 1324 4047 Die
1357 4001 1435 4047 uero
1464 4002 1507 4048 ru.
1533 3987 1637 4046 martii
1659 3986 1804 4048 eiusdem

1058 4079 1132 4140 anni
1154 4095 1285 4140 uoccrv.
1314 4079 1419 4141 fertia
1442 4080 1510 4140 uice
1534 4077 1694 4156 proposita
1716 4095 1805 4138 causa

1059 4189 1115 4251 per
1127 4173 1278 4234 eumdem
1292 4173 1584 4234 eminentissimum
1597 4172 1804 4234 Gabrielliurn

1057 4276 1094 4336 ad
1110 4289 1220 4352 preces
1238 4273 1452 4352 procuratoris
1475 4275 1635 4350 generalis
1658 4274 1806 4334 commis-

1058 4373 1130 4432 sarii
1160 4371 1267 4432 curiae
1298 4369 1455 4431 itinerum
1484 4369 1522 4429 de
1544 4366 1751 4430 Obseruantia
1774 4375 1806 4428 et

1059 4464 1272 4544 procuratoris
1305 4461 1464 4540 generalis
1497 4462 1663 4524 strictioris
1697 4461 1804 4523 obser·

1058 4561 1182 4622 uantiae
1196 4559 1300 4621 Sancti
1316 4557 1481 4626 francisci,
1500 4557 1609 4619 eadem
1626 4573 1711 4618 sacra
1724 4557 1804 4616 Ocn-

1058 4655 1202 4732 gregatio
1214 4653 1339 4716 censuit
1350 4669 1383 4712 ac
1395 4651 1548 4721 decreuit,
1563 4657 1652 4711 entra
1664 4650 1802 4712 dandum

1056 4749 1273 4826 supradictum
1295 4747 1473 4807 decretum.
1498 4744 1625 4813 Romae,
1650 4752 1709 4804 etc.
1730 4741 1803 4803 Car-

1057 4841 1170 4904 dinalis
1192 4841 1389 4903 Caurrnnus.
1413 4838 1646 4917 Locolaipilli.

1097 4937 1176 4998 Cum
1201 4941 1319 5006 autem,
1344 4933 1425 4996 sicut
1447 4947 1503 5010 pro
1521 4941 1608 5008 parte
1624 4933 1730 4994 dilecti
1748 4933 1804 4993 filii
1835 4999 1838 5014 Ι
1864 4942 2037 5006 ‹tumuerunt›

1059 5031 1204 5093 moderni
1229 5028 1444 5108 procuratoris
1472 5026 1630 5102 generatis
1653 5027 1726 5088 dicti
1749 5026 1804 5087 Or·
1823 4997 1966 5040 “emenus
1983 4999 2022 5040 'U‘

1058 5126 1139 5186 dinis
1163 5124 1254 5186 nobis
1277 5122 1412 5184 subinde
1436 5119 1617 5196 expositum
1641 5119 1711 5190 fuit,
1736 5121 1804 5197 ipse

1058 5221 1184 5280 decreta
1221 5215 1416 5284 huiusmodi,
1450 5229 1514 5290 que
1547 5213 1718 5289 praemissa
1752 5215 1805 5275 fir-

1059 5312 1141 5373 mius
1163 5310 1347 5379 subsistant,
1378 5306 1568 5385 apostolicae
1590 5307 1804 5368 confirmatio-

1059 5410 1107 5470 nis
1129 5415 1256 5469 nostrae
1286 5405 1461 5483 patrocinio
1490 5401 1684 5462 communiri
1708 5402 1804 5480 pluri-

1061 5517 1147 5562 rnum
1178 5500 1354 5560 desideret:
1385 5513 1452 5566 nos,
1483 5495 1587 5572 ipsum
1611 5495 1803 5556 modernum

1058 5602 1298 5673 procuratorem
1330 5591 1514 5668 generalem
1544 5589 1734 5666 specialibus
1765 5590 1805 5650 fa·

1057 5689 1189 5750 uoribus
1218 5693 1250 5748 et
1272 5685 1381 5763 gratiis
1411 5686 1561 5761 prosequi
1590 5682 1749 5753 uolentes,
1774 5691 1806 5744 et

1058 5782 1262 5861 aquibusuis
1292 5777 1642 5846 excommunicationis,
1672 5791 1805 5853 suspeu-

1058 5878 1156 5938 sienis
1179 5882 1211 5936 et
1231 5873 1392 5935 interdicti
1421 5871 1556 5946 aliisque
1585 5870 1805 5932 ecclesiasticis

1058 5970 1239 6040 sententiis,
1263 5965 1407 6028 censuris
1431 5972 1462 6026 et
1484 5965 1606 6042 poenis,
1631 5963 1737 6024 aiure
1753 5965 1804 6025 uel
