4836 7002
129 511 180 566 Au.
195 511 226 568 d
241 511 311 568 1858

1018 531 1090 577 PIUS
1111 531 1162 578 Π.
1186 532 1230 576 lli.

500 645 671 712 Venerabili
698 646 786 712 tratri
813 647 943 714 Antonio

244 779 247 786 ·
348 738 489 822 archiep.
519 733 852 822 constantinopolitano
875 740 1095 820 Armeniorum,

713 845 1015 932 Constantinopolim.

602 980 688 1048 Plus
713 981 772 1086 PP.
799 981 843 1050 lli.

561 1116 752 1185 llenerabilis
774 1119 884 1196 trater,

379 1212 510 1280 salutem
532 1218 564 1277 et
585 1211 784 1294 apostolicam
811 1213 1061 1282 benedictionem.

385 1402 454 1476 gl.
479 1400 699 1464 Vehementer
722 1403 754 1463 in
778 1401 913 1465 Domino
941 1403 1096 1466 exultari-

347 1511 428 1566 mus,
451 1510 525 1556 ueu.
550 1493 658 1566 irater,
683 1495 737 1556 ubi
761 1495 847 1557 hisce
869 1495 981 1558 diebus
1006 1497 1096 1560 ohse-

346 1588 575 1666 quentissimus
597 1602 698 1664 aeque
724 1605 758 1649 ac
780 1587 1028 1652 iucundissimae
1058 1591 1096 1652 ad

346 1699 403 1746 nos
427 1689 648 1760 pervenerunt
670 1682 794 1754 literae,
819 1683 936 1759 quibus
958 1683 1022 1746 duo
1050 1685 1096 1744 vi-

345 1775 420 1838 carii
442 1774 565 1837 loranei
586 1792 619 1838 ac
642 1776 705 1838 duro
728 1783 760 1837 et
781 1775 896 1853 viginti
915 1777 1095 1840 sacerdotes

346 1875 378 1931 el
399 1867 553 1947 permulti
574 1867 763 1946 spectabiles
786 1868 854 1930 laici
878 1869 1025 1933 homiues
1048 1887 1095 1932 ar-

346 1963 433 2025 meni
465 1961 607 2040 plurium
639 1962 732 2024 istius
765 1969 837 2024 tuae
865 1963 1095 2026 ecclesiasticae

346 2056 529 2134 provinciae
551 2056 697 2119 locorum
720 2056 812 2118 nobis
833 2057 1025 2134 significant,
1046 2075 1092 2130 se,

345 2150 451 2220 divina
473 2151 654 2229 adspirante
677 2150 787 2228 gratia,
812 2167 852 2212 eu
875 2149 1094 2216 lunestissimo

344 2245 515 2306 schismate
536 2244 706 2306 emersisse
728 2251 834 2320 atque,
856 2244 986 2306 einr-aris
1006 2262 1094 2308 erro·

346 2337 445 2409 ribus,
469 2337 506 2400 ad
534 2336 706 2400 catholicae
739 2337 897 2400 Ecclesiae
931 2340 1093 2416 gremium

345 2431 490 2494 rediisse.
511 2430 590 2493 Hinc
612 2429 1000 2498 luculentissimisrerbis
1023 2449 1094 2511 pro·

345 2525 496 2597 litentur,
519 2523 600 2586 nihil
621 2524 682 2587 sibi
704 2525 809 2602 potius
831 2541 901 2588 esse
923 2541 1020 2603 quarn
1041 2527 1093 2588 dr·

345 2619 440 2682 miter
455 2619 589 2682 credere
603 2637 637 2680 ac
648 2627 763 2682 tenere
775 2620 930 2697 quidquid
941 2619 1093 2684 catholica

345 2715 438 2776 docet
458 2730 492 2774 ac
514 2717 602 2776 tenet
622 2711 772 2784 Ecclesia,
794 2719 827 2774 et
847 2713 981 2775 relicere
1004 2714 1093 2790 quid·

345 2807 418 2884 quid
441 2806 568 2884 abipsa
597 2806 782 2881 damnatur3
807 2807 950 2884 itemque
979 2808 1093 2870 contir-

345 2907 449 2972 mant‚
480 2916 514 2961 se
545 2898 624 2960 nihil
647 2899 810 2976 antiquius
839 2899 968 2972 habere,
997 2915 1092 2977 quam

343 3009 469 3056 summa
500 3009 558 3056 nos
593 2999 625 3054 et
656 2993 736 3054 hanc
767 2992 832 3054 omi
862 2993 1092 3071 Apostolorum

344 3087 496 3166 Principis
518 3085 721 3158 Cathedram,
745 3086 777 3148 in
794 3101 854 3163 qua
869 3086 1017 3150 Christus
1033 3089 1092 3152 Do-

345 3182 449 3244 minus
473 3180 723 3258 inexpugnabile
746 3181 906 3244 Ecclesiae
926 3199 1002 3244 suae
1022 3199 1091 3246 sau-

342 3284 409 3338 ctae
431 3275 678 3336 tundamentum
702 3275 818 3351 posuit,
835 3289 961 3336 summa
984 3275 1091 3338 obser-

343 3369 446 3430 vantia
468 3375 501 3430 et
522 3367 731 3430 veneratione
754 3370 917 3447 prosequi,
939 3387 972 3433 ac
993 3370 1091 3433 simul

342 3462 501 3524 declarant
522 3477 558 3524 se
579 3461 794 3539 paratissimos
816 3478 887 3524 esse
907 3479 963 3542 pro
985 3465 1091 3526 calho-

342 3555 399 3617 lica
421 3555 484 3617 lide
507 3555 612 3616 omnia
631 3555 757 3632 perpeti
778 3555 943 3633 ipsamque
959 3557 1091 3633 prolun-

342 3651 419 3711 dere
441 3649 551 3710 vitam.
578 3647 636 3712 Ubi
658 3649 800 3726 primum
823 3649 910 3722 haec,
934 3651 1090 3728 singulari

342 3741 438 3802 animi
460 3740 561 3802 nostri
583 3741 698 3817 gaudio
715 3741 876 3813 norimus,
895 3741 1090 3817 humillimas

342 3835 587 3911 uberrimasque
624 3835 875 3898 clementissimo
910 3837 1090 3899 misericor-

342 3929 466 3990 diarum
489 3928 572 3990 Patri
595 3935 627 3990 et
648 3928 713 3991 Deo
740 3928 836 3992 totius
863 3929 1089 3994 consolationis

342 4023 468 4100 egimus
491 4022 616 4100 gratias,
637 4023 692 4100 qui
709 4030 754 4085 tot
769 4023 918 4086 homiues
940 4025 979 4086 de
1002 4031 1090 4088 tene·

342 4114 407 4178 bris
434 4115 468 4178 in
496 4115 682 4178 admirabile
714 4117 825 4179 lumen
853 4133 949 4196 snum
975 4133 1089 4182 vocare

341 4215 436 4286 atque
465 4209 647 4272 huiusmodi
670 4209 845 4272 laetissimo
870 4227 946 4272 sane
969 4219 1088 4274 euentu

343 4303 515 4364 martimum
540 4302 737 4379 gravissimis
759 4304 876 4366 nostris
898 4305 982 4366 curis
1005 4305 1089 4378 leva·

340 4413 416 4460 men
438 4395 554 4458 alierre
576 4403 625 4458 est
646 4397 971 4474 dignatusEumque
994 4400 1088 4464 enixe

340 4507 431 4552 orare
453 4497 485 4552 et
507 4491 675 4552 obsecrare
704 4505 869 4567 nunquam
896 4492 1088 4564 intermitte·

341 4601 423 4657 mus,
440 4591 476 4647 ut
498 4583 648 4646 omnibus
670 4585 930 4648 commemoratis
951 4586 1088 4648 homini-

339 4678 399 4740 bus
421 4678 610 4741 coelestium
626 4678 787 4740 donorum
802 4679 1001 4742 incrementa
1016 4697 1088 4758 pro·

341 4773 437 4850 pitius
458 4787 588 4850 semper
607 4771 772 4849 largiatur,
789 4788 929 4850 quorum
945 4773 1088 4837 subsidio

339 4866 436 4928 iidem
464 4866 497 4928 in
525 4865 698 4930 catholicae
719 4865 863 4928 veritatis
889 4866 1088 4946 professione

340 4959 482 5036 quotidie
504 4959 605 5037 magis
627 4959 756 5022 stabiles
780 4967 811 5022 et
832 4961 959 5022 immoti
988 4962 1087 5039 persi·

337 5060 431 5126 stant,
454 5053 614 5129 alacrique
645 5053 725 5130 pede
753 5055 875 5116 instent
899 5053 983 5116 riam
1005 5071 1087 5132 quae

339 5147 425 5209 ducit
444 5147 482 5208 ad
503 5146 613 5218 vitam,
638 5155 671 5210 et
692 5147 768 5208 alios
791 5163 914 5218 omnes,
931 5163 1010 5225 quos
1029 5149 1086 5227 ipsi

339 5240 481 5302 habuere
509 5241 676 5302 inerrare
705 5241 819 5314 socios,
850 5241 968 5302 habere
990 5243 1086 5304 etiam

339 5333 461 5410 possint
481 5333 514 5394 in
535 5332 666 5406 salutari
682 5333 893 5396 conversione
908 5343 1085 5398 consortes.

378 5427 396 5502 ἓ
417 5426 446 5488 2.
461 5426 554 5489 Nulla
569 5435 677 5490 autem
692 5428 880 5506 interposita
892 5443 992 5500 mora,
1006 5429 1086 5491 hauc

338 5519 551 5583 libentissimo
573 5536 705 5599 prorsus
733 5521 839 5584 animo
861 5522 898 5584 ad
922 5530 953 5583 te
977 5522 1086 5584 scribi·

338 5629 409 5676 mus
431 5615 610 5693 epistolam,
634 5631 695 5692 qua
719 5614 785 5688 tibi,
810 5615 1004 5678 vorrerabilis
1026 5615 1085 5677 lra-

339 5715 397 5782 ter,
421 5708 664 5781 committimus,
691 5715 727 5770 ut
748 5709 898 5772 omnibus
924 5717 956 5770 et
976 5711 1086 5787 singu-

377 5921 407 5977 (1)
423 5923 460 5966 Ex
473 5923 535 5978 Reg.
552 5919 633 5979 Epist.
647 5921 682 5968 ad
695 5921 827 5978 Principes
842 5927 891 5968 eta.
904 5933 948 5968 an.
963 5933 1017 5968 xrv.

1153 648 1192 710 lis
1213 650 1473 712 commemoratis
1494 649 1715 714 ecclesiasticis
1732 651 1827 722 utris,
1848 650 1903 728 qui

1152 744 1188 804 ad
1218 742 1404 806 catholicam
1433 744 1695 808 communionem
1727 759 1831 822 nuper
1853 759 1903 805 re-

1152 837 1238 898 versi
1274 837 1385 914 quiqui
1421 836 1477 899 tibi
1514 837 1673 900 notissimi
1707 838 1903 916 gratissimas

1151 929 1188 992 ad
1211 946 1268 992 nos
1292 930 1452 993 dederunt
1479 929 1606 1004 literas,
1630 937 1742 993 nostro
1769 929 1901 992 nomine

1152 1024 1247 1086 eliam
1269 1031 1364 1100 atque
1387 1024 1481 1086 etiam
1505 1024 1677 1102 gratuleris
1703 1024 1814 1102 eisque
1835 1039 1900 1084 arn·

1153 1115 1303 1195 piissimis
1326 1115 1614 1194 amantissimisque
1639 1116 1748 1178 uerbis
1770 1115 1903 1179 manile·

1152 1216 1217 1271 stes
1239 1225 1399 1272 summam
1420 1209 1573 1274 laetitiam
1596 1216 1628 1273 et
1648 1211 1900 1274 consolationem

1153 1319 1214 1381 qua
1235 1303 1337 1366 allecti
1369 1303 1508 1375 luimus,
1533 1318 1651 1381 eosque
1682 1305 1837 1368 certiores
1859 1303 1901 1366 la·

1152 1399 1213 1458 cias
1242 1397 1281 1460 de
1309 1397 1478 1476 praecipua
1505 1405 1635 1476 paterna
1663 1397 1808 1470 caritate,
1841 1413 1903 1476 qua

1151 1490 1244 1568 ipsos,
1268 1489 1371 1554 ueluti
1402 1490 1494 1553 nobis
1516 1491 1696 1553 carissimos
1718 1491 1752 1553 in
1773 1490 1902 1555 Christo

1152 1585 1244 1658 lilios,
1261 1587 1500 1664 prosequimur,
1517 1603 1551 1650 ac
1566 1586 1605 1648 de
1620 1577 1790 1664 apostolica
1805 1587 1901 1650 bene·

1152 1680 1290 1742 dictione
1311 1695 1406 1756 quam
1429 1696 1503 1743 cum
1526 1681 1631 1742 omnis
1652 1695 1749 1742 rarae
1771 1679 1902 1744 lelicita·

1153 1775 1191 1834 tis
1206 1782 1282 1836 roto
1297 1773 1499 1836 coniunctam
1515 1773 1631 1851 cuique
1647 1789 1772 1847 eorum,
1785 1775 1901 1838 intimo

1151 1867 1255 1930 cordis
1284 1867 1410 1937 allecta,
1433 1867 1649 1932 amantissime
1679 1868 1898 1946 impertimur.

1150 1961 1213 2022 lam
1243 1976 1339 2032 aero,
1371 1960 1449 2022 dum
1473 1959 1527 2023 tibi
1550 1962 1590 2023 de
1620 1961 1679 2024 hoc
1708 1968 1771 2024 tam
1794 1960 1899 2024 lausto

1151 2061 1270 2116 eventu
1297 2054 1468 2116 exanimo
1501 2053 1783 2132 congratulamus,
1807 2056 1900 2134 plane

1151 2165 1215 2210 non
1242 2148 1436 2218 dubitamus,
1460 2163 1534 2211 ren.
1558 2147 1668 2222 irater,
1692 2149 1782 2226 quin,
1811 2156 1898 2212 tuam

1151 2258 1282 2304 omnem
1304 2242 1337 2302 in
1362 2241 1427 2303 lieo
1455 2256 1546 2319 spem
1576 2241 1734 2304 collocans
1764 2242 1933 2322 eiusque.

1150 2337 1259 2398 divino
1300 2335 1419 2398 auxilio
1461 2334 1582 2408 iratus,
1623 2351 1738 2414 pergas
1778 2338 1899 2400 maiore

1150 2443 1252 2506 usque
1283 2428 1462 2500 alacritate,
1492 2427 1597 2490 studio
1629 2435 1661 2490 et
1690 2430 1900 2493 contentione

1150 2529 1218 2584 tuas
1241 2537 1365 2584 ommes
1387 2537 1489 2594 curas,
1512 2521 1732 2599 cogitationes,
1756 2523 1898 2597 consilia,

1149 2617 1275 2678 labores
1307 2617 1339 2676 in
1366 2616 1396 2678 id
1429 2615 1632 2694 potissimum
1664 2616 1832 2690 conterre,
1864 2625 1901 2680 ut

1149 2709 1301 2772 catholica
1331 2708 1471 2772 Ecclesia
1500 2709 1635 2786 eiusque
1666 2709 1813 2772 salutaris
1846 2711 1900 2772 do·

1148 2804 1248 2864 ctrina
1273 2803 1307 2864 iu
1335 2802 1427 2864 istius
1456 2802 1686 2865 ecclesiasticae
1716 2804 1900 2882 provinciae

1148 2895 1337 2972 regionibus
1372 2895 1491 2958 maiora
1530 2895 1563 2958 in
1598 2895 1665 2958 dies
1699 2895 1899 2959 incrementa

1148 2989 1299 3068 suscipiat
1319 3006 1353 3052 ac
1374 2989 1493 3066 vigeat,
1516 2989 1629 3052 lloreat
1648 3005 1682 3051 ao
1700 2989 1897 3064 dominetur,

1148 3089 1248 3159 utque
1279 3097 1391 3144 omnes
1414 3081 1523 3144 miseri
1562 3089 1723 3155 errantes,
1758 3083 1898 3147 discussa

1149 3175 1265 3238 mentis
1292 3175 1445 3252 caligine,
1475 3176 1664 3254 resipiscant
1690 3193 1725 3239 ac
1753 3177 1899 3240 ueritatis

1147 3269 1259 3332 lumen
1287 3269 1440 3348 aspiciant
1474 3275 1507 3332 et
1538 3270 1576 3331 ad
1615 3270 1746 3333 unicum
1778 3269 1898 3334 Christi

1148 3365 1232 3426 ovile
1255 3366 1398 3428 redeant.
1422 3363 1485 3426 llos
1511 3365 1640 3443 quidem
1667 3366 1750 3428 haud
1780 3367 1898 3430 omitti·

1148 3475 1219 3520 mus
1235 3459 1368 3522 diuitem
1387 3459 1421 3520 in
1440 3455 1659 3522 misericordia
1674 3459 1776 3523 Deum
1792 3461 1897 3524 hurni-

1147 3552 1221 3614 liter
1243 3560 1275 3616 et
1297 3553 1441 3631 impense
1468 3553 1600 3630 precari,
1625 3553 1714 3616 utin
1736 3554 1897 3618 abundau-

1149 3647 1189 3707 tia
1210 3646 1337 3708 divinae
1358 3661 1434 3707 suae
1457 3646 1575 3723 gratiae
1598 3646 1654 3708 tibi
1676 3663 1805 3726 semper
1825 3663 1898 3726 pro-

1147 3739 1243 3818 pitius
1275 3739 1386 3802 adesse
1421 3738 1502 3800 velit
1532 3738 1659 3815 tuisque
1686 3740 1896 3818 pastoralibus

1146 3834 1231 3895 curis
1261 3841 1292 3894 et
1320 3833 1483 3896 laboribus
1510 3832 1687 3896 benedicat.
1718 3833 1824 3912 neque
1845 3851 1897 3898 su·

1147 3927 1238 4006 perui
1261 3927 1356 3988 huius
1379 3926 1525 4006 praesidii
1548 3929 1710 4005 auspicem
1734 3935 1766 3992 et
1787 3929 1897 3991 certis·

1145 4022 1263 4082 simum
1285 4020 1467 4099 pontificiae
1489 4027 1617 4084 nostrae
1640 4021 1672 4083 iu
1702 4029 1733 4084 te
1755 4023 1896 4084 benero-

1145 4114 1262 4178 lentiae
1279 4115 1395 4193 pignus
1411 4114 1615 4193 apostolicam
1637 4115 1895 4180 benedictionem

1145 4208 1295 4286 tibiipsi,
1320 4223 1394 4270 ven.
1418 4207 1528 4281 trater,
1552 4209 1741 4287 cunctisque
1770 4210 1895 4274 clericis

1145 4301 1296 4380 laicisque
1319 4301 1479 4373 fidelibus,
1504 4309 1577 4364 tuae
1598 4301 1782 4379 vigilantiae
1808 4321 1895 4368 com·

1145 4397 1262 4468 missis,
1286 4402 1489 4474 peramanter
1510 4395 1728 4474 impertimur.

1183 4490 1297 4553 Datum
1312 4489 1442 4562 Romae,
1458 4489 1539 4568 apud
1557 4487 1589 4552 S.
1607 4490 1749 4565 Petrum,
1767 4494 1827 4556 sub
1843 4511 1896 4556 an-

1145 4584 1222 4646 nulo
1250 4584 1374 4656 Piscat,
1406 4583 1457 4646 die
1480 4599 1570 4645 xviri.
1596 4591 1656 4646 oct.
1681 4601 1892 4662 uncccuuru„

1144 4678 1345 4788 pontificatus
1367 4677 1470 4740 nostri
1491 4693 1575 4740 anno
1597 4694 1668 4740 xru.

1500 4919 1537 4983 V.

1143 5055 1317 5136 Respondet
1337 5054 1554 5119 Patriarclruo
1568 5056 1795 5119 Armeniorum
1820 5055 1895 5120 citt·

1183 5150 1251 5212 ciac
1279 5149 1405 5229 proiice
1427 5150 1535 5229 operati
1557 5147 1593 5212 ob
1623 5165 1782 5212 saluimum
1809 5151 1894 5213 milis

1182 5247 1347 5304 scutorum
1376 5259 1396 5304 a
1423 5241 1575 5324 Pontifice
1606 5242 1717 5308 dotum
1756 5243 1797 5307 ad
1819 5249 1894 5306 tom·

1182 5337 1269 5416 plum
1291 5336 1326 5398 in
1348 5336 1460 5416 oppido
1483 5336 1612 5400 Maroae
1638 5337 1892 5414 aedificandum,

1183 5435 1212 5490 st
1234 5427 1409 5491 nunciante·
1429 5429 1587 5508 plurimos
1613 5447 1653 5493 coo
1680 5430 1893 5494 schismaticis

1182 5522 1270 5584 illius
1293 5521 1399 5602 oppidi
1414 5521 1456 5586 od
1474 5521 1647 5586 Ecclesiam
1668 5536 1833 5592 remeasse,
1851 5523 1894 5585 ei-

1181 5631 1238 5694 quo
1266 5614 1391 5678 animos
1413 5615 1514 5686 addit,
1542 5621 1579 5677 ut
1604 5615 1684 5678 alios
1706 5631 1825 5696 quoquo
1851 5617 1893 5680 od

1179 5709 1340 5772 unitatem
1360 5714 1482 5771 revocat
1503 5707 1559 5790 (l).

1823 515 1881 578 stit
1942 515 1992 572 hn.
2007 515 2035 572 C.
2050 515 2118 572 isse
