4814 6992
317 527 369 582 Αιι.
384 527 411 581 f..
427 526 494 582 {652
553 525 591 588 18

530 663 625 724 cietas
641 665 798 742 praedicta
812 679 962 742 processu
980 663 1134 742 temporis
1150 663 1277 740 aliquod

530 758 562 818 in
575 759 794 836 spiritualibus
811 759 1043 820 detrimentum
1059 757 1161 830 faciat,
1180 773 1277 834 quan-

531 858 598 912 tum
620 868 693 913 cum
715 851 851 914 Domino
887 867 1074 930 possumus,
1106 853 1277 930 providere

528 943 687 1017 volentes,
711 945 995 1024 supplicationibus
1018 947 1164 1008 eiusdem
1187 946 1276 1006 llutii

528 1041 700 1117 praepositi
723 1039 814 1101 nobis
830 1056 927 1117 super
940 1041 1000 1101 boc
1016 1040 1183 1102 humiliter
1205 1057 1276 1118 por-

528 1133 624 1194 rectis
646 1133 806 1196 inclinati:

311 1243 318 1254 ·
344 1239 508 1316 osspensauo
568 1228 629 1302 54.
646 1226 736 1301 Quod
751 1229 789 1290 de
805 1235 913 1290 cetero
929 1235 1086 1306 perpetuo
1100 1227 1145 1309 (l)
1161 1229 1276 1290 futuris

295 1293 508 1391 {l'asessssiiiadmn'
527 1322 727 1400 temporibus
755 1338 828 1384 cum
858 1321 981 1383 clericis
1004 1323 1146 1384 eiusdem
1172 1321 1275 1383 Socie-

527 1417 597 1478 tatis
624 1431 722 1494 super
751 1415 833 1477 votis
861 1415 1028 1494 praedictis
1051 1417 1112 1476 nisi
1138 1432 1195 1493 per
1217 1433 1274 1477 nos

526 1519 579 1573 aut
610 1504 789 1574 Romanum
820 1510 1007 1571 Pontificem
1039 1526 1096 1587 pro
1129 1518 1274 1588 ternpore

526 1605 720 1667 existentem
743 1605 919 1682 dispensari
946 1603 1130 1666 nullatenus
1163 1605 1272 1682 possit,

524 1699 694 1778 apostolica
707 1701 904 1771 auctoritate,
916 1705 1030 1760 tenore
1043 1699 1271 1776 praesentium,

524 1793 729 1856 decernimus
758 1799 790 1854 et
812 1793 1008 1864 ordinamus
1036 1810 1069 1856 ac
1091 1792 1271 1854 facultatem

523 1888 728 1966 superactis
755 1887 923 1964 praedictis
950 1887 1154 1964 dispensandi
1182 1887 1273 1949 nobis

524 1990 556 2045 et
570 1983 712 2044 Romano
727 1981 868 2043 Pontifici
886 1995 944 2058 pro
960 1988 1106 2059 tempore
1123 1983 1272 2044 existenti

524 2091 745 2150 reservamus3

314 2177 439 2254 annuntiat
454 2178 504 2222 ‹ns-
564 2173 582 2245 5
600 2169 630 2230 5.
643 2169 872 2240 Decernentes,
889 2183 1106 2245 quascumque
1121 2176 1270 2231 votorum

290 2235 458 2330 Ῑῖῗὲίῗᾶιῖἓιῗιῗ
481 2243 505 2276 a.
525 2263 761 2341 praedictorum
784 2261 1037 2339 dispensationes
1059 2271 1168 2324 contra
1184 2279 1271 2340 prae-

525 2357 665 2419 sentium
689 2363 836 2418 tenorem
864 2357 1133 2433 quandocumque
1158 2356 1270 2420 facien-

525 2452 590 2523 das,
615 2451 729 2524 nullas,
754 2451 860 2512 irritas
883 2456 915 2512 et
935 2450 1057 2520 inanes,
1086 2451 1271 2530 nulliusque

525 2545 651 2607 roboris
672 2545 725 2607 vei
748 2545 923 2620 momenti;

319 2658 448 2720 cranaos
464 2659 506 2703 os·
564 2638 632 2715 56.
657 2639 844 2700 Praesentes
876 2653 955 2699 vero
980 2638 1101 2700 litteras
1132 2639 1269 2712 validas,

289 2717 503 2810 {gffslffigfiissff
525 2733 632 2794 firmas
654 2739 686 2794 et
708 2732 849 2794 efficaces
871 2733 1010 2793 existere
1033 2739 1065 2793 et
1086 2732 1165 2804 fore,
1185 2750 1220 2794 ac
1234 2733 1271 2795 ab

524 2825 673 2888 omnibus
696 2831 728 2887 et
748 2825 896 2902 singulis,
921 2825 956 2886 ad
980 2839 1060 2901 quos
1076 2833 1206 2903 spectat,
1226 2825 1273 2888 in-

523 2919 718 2981 violabiliter
740 2917 904 2980 observari
927 2918 1064 2992 debere;

310 3033 501 3094 actaaetnon
562 3013 631 3088 57.
657 3011 772 3090 Sicque
805 3027 862 3090 per
897 3026 1119 3090 quoscumque
1151 3014 1271 3076 iudices

289 3087 504 3186 {fffissgffljmfa‘
524 3106 699 3168 ordinarios
722 3112 754 3167 et
774 3105 954 3182 delegatos,
979 3105 1074 3166 etiarn
1104 3122 1270 3168 causarum

523 3199 628 3277 palatii
656 3198 819 3276 apostolici
847 3198 1027 3268 auditores,
1058 3215 1092 3260 ac
1118 3198 1149 3260 S.
1173 3199 1209 3262 R.
1233 3200 1268 3261 Ε.

521 3292 714 3362 Cardinales,
730 3292 821 3354 etiam
837 3293 876 3355 de
888 3291 988 3354 latere
1000 3291 1135 3369 Legatos
1148 3301 1179 3355 et
1191 3311 1271 3356 nun-

521 3389 597 3460 cios,
614 3388 726 3464 quavis
742 3385 929 3449 auctoritate
948 3385 1133 3462 fungentes
1150 3388 1270 3464 ubique

521 3481 653 3544 iudicari
676 3487 707 3543 et
728 3479 855 3542 deliniri
877 3479 1007 3550 debere,
1032 3497 1066 3542 ac
1088 3481 1216 3542 irritum
1240 3491 1270 3544 et

520 3576 626 3647 inane,
650 3575 676 3636 si
690 3589 782 3636 secus
798 3589 896 3651 super
911 3572 988 3634 hisa
1004 3588 1177 3652 quoquam,
1196 3591 1267 3652 qua-

520 3670 567 3731 vis
595 3668 799 3738 auctoritate,
828 3667 967 3728 solenter
988 3667 1041 3729 vel
1063 3667 1267 3744 ignoranter,

520 3762 693 3839 contigerit
713 3761 873 3824 attentari.

559 3856 627 3932 58.
652 3855 686 3918 ln
708 3855 904 3916 contrarium
926 3855 1116 3917 facientibus
1131 3873 1196 3918 non
1215 3856 1268 3918 ob·

519 3949 676 4011 stantibus
702 3947 971 4026 quibuscumque.

560 4043 672 4105 Datum
682 4042 811 4114 Romae,
822 4042 903 4120 apud
917 4039 948 4102 S.
962 4041 1089 4103 Mariam
1104 4042 1265 4116 llaioreru,

519 4137 579 4200 sub
601 4137 720 4200 annulo
749 4136 927 4207 Piscatoris,
947 4135 998 4197 die
1020 4153 1110 4198 xxxx.
1134 4137 1266 4199 ianuarii

520 4249 692 4303 dccxviii..
710 4231 911 4308 pontificatus
934 4231 1035 4291 nostri
1056 4246 1139 4292 anno
1156 4247 1225 4292 xnr.

315 3871 441 3916 Rornovet
459 3871 501 3916 ob-

288 3925 395 3969 stantia.

316 4432 445 4494 ,tresanus
460 4445 500 4478 es·
559 4423 578 4496 5
598 4421 627 4480 2.
652 4419 692 4480 Et
714 4418 787 4480 licet
808 4417 1024 4496 praeinsertae
1051 4418 1175 4480 litterae
1199 4419 1266 4482 liac-

286 4486 499 4602 ffltaffiff·
520 4519 613 4574 tenus
645 4505 875 4574 inviolabiliter
908 4511 1093 4574 observatae
1126 4512 1264 4584 fuerint,

285 4595 441 4638 ⁸‘¹2¹¹‘¹⁰¹¹¹⁸·
518 4601 740 4676 nibilominus,
756 4605 828 4682 quia
843 4605 938 4684 (sieut
950 4605 1084 4668 dilectus
1101 4605 1186 4667 filius
1201 4607 1266 4668 llu-

518 4699 581 4760 tius
603 4697 804 4770 Vitellescus,
822 4699 967 4761 eiusdem
991 4697 1155 4761 Societatis
1178 4715 1266 4778 prae-

517 4794 639 4872 positus
663 4792 834 4870 generalis,
859 4793 950 4854 nobis
973 4809 1076 4870 nuper
1092 4795 1209 4872 exponi
1223 4795 1265 4855 fe-

516 4886 599 4966 cit)a
614 4887 779 4950 nonnullis
795 4887 961 4949 dubitetur
975 4886 1031 4964 (2),
1049 4889 1262 4966 praepositum

518 4979 703 5057 generalem
727 4981 827 5042 dictae
853 4979 1017 5043 Societatis
1040 4997 1097 5059 pro
1119 4989 1265 5060 tempore

517 5073 1263 5153 existentem,velquemlibeteiussuperlorem

516 5168 612 5229 etiam
635 5168 777 5245 legatum
811 5165 901 5230 Sedis
923 5167 1138 5246 spostolicae,
1169 5170 1264 5230 etiam

516 5261 699 5334 delatore,
723 5278 780 5324 seu
803 5262 958 5324 nuncium
990 5261 1154 5324 facultates
1178 5279 1264 5341 prae-

516 5355 589 5418 dicti
611 5355 710 5434 legati
737 5355 926 5430 habentem,
951 5356 1003 5418 vel
1025 5369 1263 5433 quemcumque

515 5449 613 5510 alium
636 5450 850 5528 superiorem,
868 5450 1010 5529 potuisse
1027 5456 1059 5511 et
1080 5465 1182 5528 posse,
1206 5450 1263 5510 sal-

515 5550 580 5606 tem
604 5544 637 5605 in
659 5543 727 5605 foro
749 5544 973 5617 conscientiae,
997 5559 1070 5606 curn
1096 5543 1264 5621 praedictis

515 5638 638 5700 clericis
654 5646 686 5701 et
697 5639 895 5717 presbyteris
906 5637 1070 5700 Societatis
1087 5637 1264 5716 praedictae
1291 5636 1294 5698 l

554 5880 583 5934 (l)
600 5879 709 5924 Videtur
724 5879 864 5935 legendum
877 5883 1024 5932 perpetuis.

555 5947 584 6001 (a)
601 5946 751 6002 legendum
766 5951 914 5996 decollatur,
931 5949 979 5992 aut
993 5947 1148 5992 anteactam
1162 5956 1210 6002 pro
1225 5949 1296 5999 prata.

1052 545 1119 590 rus.
1143 545 1235 590 conr.
1259 545 1299 590 os
1321 547 1351 590 a.
1375 547 1405 590 s.
1429 545 1513 590 osns
1534 546 1556 590 r.
1588 524 1590 531 “

2123 528 2215 583 sno.
2231 527 2301 582 issa
2392 487 2393 490 Ὺ

1333 679 1430 742 super
1453 664 1656 742 praeinsertis
1672 664 1766 736 votis,
1789 670 1820 726 et
1842 665 2010 742 praecipue
2032 680 2083 724 su-

1335 773 1392 835 per
1424 759 1507 819 dicto
1533 765 1609 820 voto
1636 775 1699 820 non
1730 759 1923 836 procurandi
1951 775 2009 820 nec
2036 774 2083 819 ac-

1334 852 1479 928 ceptandi
1502 859 1592 913 extra
1621 853 1720 930 ipsam
1750 851 1941 932 Societatem
1964 851 2083 930 praela-

1334 951 1438 1006 turam
1461 943 1513 1006 vel
1543 945 1753 1022 dignitatem,
1785 945 1989 1022 dispensare,
2024 960 2081 1006 seu

1333 1040 1491 1117 praedicta
1513 1047 1585 1100 vota
1607 1039 1751 1102 relaxare
1773 1047 1805 1101 et
1825 1046 2037 1102 commutare:

1372 1134 1441 1209 53.
1466 1133 1541 1205 Nos,
1571 1134 1716 1196 volentes
1742 1149 1965 1210 quaecumque
1987 1133 2081 1196 dubia
2115 1147 2321 1216 xcmonptpen-
2392 1157 2393 1160 ι

1332 1229 1371 1290 de
1394 1229 1500 1290 medio
1524 1226 1648 1298 tollere,
1672 1245 1707 1288 ac
1728 1229 1929 1288 attendentes
1948 1228 2081 1289 servitio
2100 1211 2188 1297 {¹3⁸3ss
2204 1206 2322 1298 ffissffiffis'
2353 1261 2360 1274 ·
2392 1247 2393 1280 1

1333 1323 1387 1382 llei
1410 1329 1442 1383 et
1463 1322 1641 1400 praedictae
1669 1319 1832 1382 Societatrs
1865 1322 1966 1398 quieti
1988 1323 2080 1385 valde
2100 1309 2181 1360 ‘mm‘
2195 1319 2224 1352 ³⁶
2238 1309 2321 1352 ΜΕ·

1332 1418 1495 1494 expedire,
1513 1433 1554 1478 ne
1570 1416 1667 1494 ipsius
1683 1417 1841 1479 societatis
1857 1417 2012 1494 religiosi,
2026 1421 2081 1494 qui

1331 1511 1489 1587 praedicta
1508 1518 1580 1571 vota
1596 1510 1786 1581 emiserunt,
1804 1511 2013 1572 immemores
2029 1528 2081 1574 eo-

1331 1621 1403 1666 rum
1427 1604 1646 1683 professionis,
1677 1618 1738 1679 qua
1760 1605 1952 1682 contemptis
1982 1605 2081 1666 liono-

1332 1697 1431 1770 ribus,
1450 1698 1578 1760 abiectis
1594 1697 1723 1768 divitiis,
1744 1697 1926 1774 spretisque
1948 1698 2078 1770 deliciis
2118 1739 2121 1744 -
2220 1755 2222 1763 .

1330 1793 1498 1854 arbitrium
1521 1792 1686 1869 proprium
1711 1790 1843 1852 alterius
1874 1791 1987 1853 ditioni
2008 1793 2080 1854 sub-

1329 1885 1492 1962 iugarunt,
1517 1891 1605 1946 retro
1622 1884 1775 1962 aspiciant
1795 1885 1831 1944 ad
1854 1893 1994 1946 aratrum
2020 1903 2081 1948 tna-

1330 1995 1408 2040 num
1426 1979 1602 2049 mittentes,
1618 1983 1653 2038 ut
1667 1978 1784 2038 solium
1808 1979 2007 2056 praelaturae
2022 1995 2079 2040 seu

1330 2073 1490 2150 dignitatis
1523 2079 1612 2134 extra
1645 2087 1758 2134 eorum
1791 2072 1984 2149 religionem
2006 2089 2080 2136 con-

1330 2167 1485 2228 scendere
1507 2164 1700 2236 moliantur,

1370 2265 1388 2338 5
1419 2262 1448 2322 l.
1487 2259 1777 2338 Supplicationibus
1813 2260 1956 2322 eiusdem
1990 2261 2078 2322 Mutii
2108 2325 2116 2345 ‚
2166 2268 2314 2338 conannas

1331 2356 1500 2434 praepositi
1523 2353 1615 2415 nobis
1632 2353 1799 2414 humiliter
1816 2353 1971 2430 porrectis
1989 2355 2078 2417 incli-
2098 2321 2316 2438 ssffiffiffiifft'

1330 2451 1403 2523 nati,
1418 2450 1631 2528 praeinsertas
1647 2445 1769 2508 litteras
1789 2447 1876 2509 Pauli
1895 2449 2079 2526 praedeces·
2097 2434 2319 2527 ffssffffssfflen'

1329 2545 1409 2606 soris
1432 2543 1544 2614 nostri,
1570 2549 1682 2603 tenore
1705 2543 1940 2618 praesentium,
1964 2545 2078 2605 confir-

1329 2651 1454 2698 mamus
1473 2641 1505 2696 et
1520 2635 1743 2712 approbamus,
1762 2639 1803 2702 et,
1821 2641 1979 2710 quatenus
1994 2635 2079 2698 foret

1329 2745 1419 2807 opus,
1444 2728 1539 2789 etiarn
1563 2743 1602 2788 ex
1631 2734 1740 2788 nostra
1768 2733 1854 2788 certa
1879 2729 2009 2791 scientia
2031 2731 2078 2792 in-

1328 2837 1495 2884 novamus.

1367 2918 1385 2991 5
1414 2915 1443 2976 b.
1468 2915 1634 2977 Praeterea
1664 2930 1762 2992 super
1783 2915 1866 2976 rotis
1896 2917 2074 2993 praedictis,
2110 2926 2254 2980 deitassui
2267 2927 2312 2970 ha·
2392 2993 2393 2996 Ἴ

1329 3017 1360 3070 et
1381 3009 1550 3087 praecipue
1577 3023 1675 3086 super
1708 3007 1763 3069 illo
1799 3009 1838 3070 de
1867 3026 1931 3071 non
1962 3027 2076 3090 procu·
2096 2979 2312 3094 lr'afc‘u{³⁶¹¹f¹'‘²¹‘''¹¹¹
2392 3007 2393 3014 '

1327 3105 1423 3165 nanda
1457 3120 1515 3165 nec
1547 3103 1733 3180 acceptanda
1761 3109 1851 3165 extra
1884 3103 2076 3169 Societatem
2096 3087 2316 3142 ¹³⁰⁰⁸³¹¹d¹’⁰⁰¹¹¹'

2096 3140 2226 3193 mutandi,
2244 3141 2314 3184 rela-

1329 3198 1520 3276 praedictam
1547 3195 1701 3272 dignitate
1730 3196 1782 3258 vel
1805 3198 1994 3274 praelatura,
2022 3217 2076 3262 ne·
2096 3193 2316 3292 {Sssfflgggffigffi-

1328 3293 1448 3353 minem
1462 3291 1557 3352 etiam
1573 3291 1612 3352 de
1627 3290 1728 3352 latere
1741 3291 1894 3368 legatum,
1909 3295 2074 3367 nuncium,
2095 3303 2179 3344 tatem
2188 3272 2315 3376 exercere

1327 3395 1358 3448 et
1373 3399 1612 3462 quemcumque
1628 3384 1737 3455 alium,
1752 3385 1847 3446 etiam
1860 3388 1988 3464 speciali
2003 3397 2077 3452 nota
2095 3355 2312 3470 giss‘fflsmi‘sssfffz'

1327 3479 1472 3554 dignum,
1490 3477 1629 3556 potuisse
1645 3476 1698 3538 vel
1720 3493 1823 3554 posse,
1846 3479 1940 3540 etiam
1963 3481 2076 3558 vigore
2096 3461 2140 3505 ⁸⁰d
2165 3463 2234 3506 dmm
2256 3473 2311 3506 ⁰¹¹¹·

1327 3586 1606 3649 quarumcumque
1618 3570 1803 3633 facultatum
1815 3575 2015 3648 generalium
2025 3593 2077 3637 sn·
2096 3520 2302 3612 ffiasumffl

2168 3038 2248 3077 tatem
2262 3033 2315 3076 dis-

2201 3572 2312 3612 Srrrrrrno

1326 3681 1383 3744 per
1406 3666 1488 3727 votis
1511 3665 1726 3742 dispensandi,
1750 3668 1966 3730 commutandi
1981 3676 2013 3731 et
2028 3687 2077 3732 re·
2096 3623 2222 3666 P⁰m¹s¹⁰¹'

1326 3761 1462 3832 laxandi,
1486 3780 1502 3821 a
1525 3759 1616 3822 nobis
1639 3767 1671 3820 et
1692 3759 1841 3822 Romanis
1857 3761 2073 3837 Pontificibus,

1326 3855 1421 3917 etiarn
1444 3855 1480 3916 ad
1503 3853 1769 3932 supplicationem
1792 3871 1848 3916 seu
1882 3858 2075 3936 contempla-

1327 3949 1447 4011 tionem
1469 3947 1690 4025 imperatoriS,
1714 3963 1848 4024 regum,
1873 3949 2075 4029 aliorumque

1324 4042 1513 4104 sublimium
1536 4041 1738 4120 principum,
1762 4042 1856 4104 etiam
1884 4051 1973 4106 motu
2003 4061 2074 4123 pro-

1326 4136 1405 4214 prio,
1430 4141 1581 4212 certaque
1603 4136 1744 4208 scientia,
1765 4137 1870 4212 deque
1885 4139 2074 4216 apostolicae

1325 4229 1487 4306 potestatis
1510 4228 1721 4306 plenitudine,
1745 4245 1779 4290 ac
1801 4228 1876 4290 alias
1898 4232 2074 4307 quomodo-

1324 4323 1412 4395 libet,
1430 4323 1526 4384 etiam
1542 4323 1655 4400 vigore
1671 4323 1843 4385 cuiuslibet
1864 4323 2003 4398 iubilaei,
2020 4327 2073 4388 vel

1324 4421 1491 4488 cruciatae,
1515 4432 1572 4478 seu
1596 4416 1797 4488 missionum,
1817 4424 1848 4479 et
1862 4417 1937 4478 alias
1958 4421 2073 4495 quovis

1324 4511 1419 4572 modo
1443 4517 1474 4571 et
1496 4525 1698 4588 quacumque
1718 4527 1820 4584 causa,
1838 4513 2075 4589 quantumlibet

1310 4604 1389 4682 pia,
1414 4603 1601 4675 favorabili,
1633 4604 1757 4682 publica
1790 4611 1822 4666 et
1853 4605 2070 4683 privilegiata,

1322 4713 1545 4759 concessarum
1567 4703 1599 4758 et
1620 4697 1908 4770 comedendarum,
1933 4701 2072 4777 potuisse

1322 4807 1381 4853 nec
1403 4807 1507 4869 posse,
1532 4799 1596 4852 tarn
1612 4791 1644 4852 in
1660 4791 1730 4853 foro
1752 4793 1961 4855 conscientiae
1977 4810 2072 4871 quam

1322 4885 1354 4946 in
1377 4885 1446 4946 foro
1469 4886 1634 4958 exteriori,
1652 4887 1705 4948 vel
1721 4886 1795 4948 alias
1817 4889 2070 4964 quomodolibet,

1322 4995 1395 5041 cum
1418 4980 1588 5057 praedictis
1610 4981 1733 5043 clericis
1750 4989 1781 5042 et
1803 4982 2001 5062 presbyteris
2017 4981 2072 5046 So-

1322 5073 1443 5135 cietatis
1477 5076 1655 5153 praedictae
1688 5091 1785 5152 super
1818 5075 1985 5154 praedictis
2017 5091 2072 5137 vo-

1323 5167 1373 5240 tis,
1398 5175 1429 5230 et
1452 5169 1640 5246 praesertim
1661 5185 1759 5247 super
1781 5170 1922 5247 praefato
1940 5178 2015 5232 voto
2032 5171 2071 5232 de

1322 5261 1502 5339 praelatura
1524 5269 1556 5324 et
1577 5261 1731 5339 dignitate
1753 5263 1962 5326 ecclesiastiea
1983 5271 2071 5326 extra

1321 5354 1420 5432 ipsam
1444 5353 1635 5416 Societatem
1658 5371 1723 5416 uon
1748 5356 1937 5434 acceptanda
1952 5373 2011 5419 nec
2026 5375 2072 5418 as-

1320 5448 1493 5524 sequenda,
1519 5448 1714 5526 dispensare,
1738 5465 1797 5511 nec
1819 5450 1977 5527 praedicta
1998 5457 2071 5512 vota

1321 5549 1520 5604 commutare
1542 5541 1595 5603 vel
1617 5542 1783 5614 relaxare,
1808 5544 1862 5605 sed
1885 5543 2069 5606 huiusmodi

1321 5635 1593 5714 dispensationem
1609 5643 1641 5698 et
1656 5638 1941 5700 commutationem
1953 5638 2006 5700 vel
2021 5654 2071 5700 re·

1512 5791 1555 5800 —-—

2101 1361 2173 1405 sione
2183 1366 2317 1406 votorum.
2392 1391 2393 1400 2
