4814 6992
510 407 515 433 l

334 637 385 692 An.
398 637 425 692 C.
442 637 510 693 1655

566 637 605 699 22

546 775 751 838 cancellariae
772 777 962 855 apostolicae
975 778 1095 852 valvas,
1118 796 1152 842 ac
1175 778 1207 840 in
1229 777 1294 839 acie

547 868 656 946 Campi
685 869 796 932 Florae
828 871 997 948 alligantur
1019 879 1051 935 et
1072 872 1292 951 publicentur,

548 969 590 1034 et,
604 979 677 1025 cum
694 964 768 1026 inde
785 965 1034 1038 amovebuntur,
1059 982 1170 1028 earum
1187 981 1297 1027 exem-

548 1056 597 1134 pla
625 1057 657 1118 in
691 1058 811 1120 eisdem
844 1059 922 1122 locis
948 1059 1038 1122 affixa
1070 1060 1293 1136 dimittantur3

549 1165 630 1228 quae
644 1151 688 1213 sic
700 1151 876 1229 publicatae
893 1159 925 1214 et
936 1153 1045 1216 allixae
1062 1170 1174 1215 omnes
1190 1161 1221 1215 et
1232 1155 1295 1214 sin-

549 1243 653 1320 gulos,
671 1259 750 1320 quos
771 1251 981 1318 concernunt,
1006 1247 1140 1324 perinde
1162 1247 1296 1309 afficiant

451 1402 453 1407 ,
549 1343 581 1398 et
595 1344 729 1409 arctent,
747 1355 780 1400 ac
795 1338 821 1399 si
836 1339 1011 1417 unicuique
1033 1341 1164 1402 illorum
1187 1357 1294 1420 perso·

344 1497 528 1582 Tr·avrannrptis

316 1578 393 1676 ῧιθΐῑιῖηι
415 1579 473 1624 dari
492 1579 529 1624 iu·

548 1431 664 1494 naliter
686 1433 849 1494 intimatae
872 1441 904 1496 et
919 1435 1096 1496 notificatae
1118 1434 1271 1497 fuissent:

588 1526 607 1600 ἓ
628 1524 657 1586 8.
681 1524 835 1603 Quodque
850 1527 978 1589 illarum
996 1529 1214 1607 transumptis,
1237 1529 1296 1590 irn-

549 1619 686 1696 pressis,
710 1619 817 1695 sigillo
850 1619 982 1683 alicuius
1012 1637 1168 1699 personae
1196 1623 1229 1683 in
1252 1622 1295 1684 di-

549 1710 669 1788 gnitate
695 1706 903 1775 ecclesiastica
927 1715 1117 1776 constitutae
1143 1715 1293 1788 munitis,

548 1809 581 1864 et
596 1819 692 1866 mann
715 1804 847 1868 alicuius
869 1807 984 1868 notarii
1013 1807 1132 1886 publici
1160 1809 1297 1871 subscri-

549 1898 621 1976 ptis,
638 1898 749 1960 eadem
767 1914 898 1977 prorsus
915 1901 1034 1978 ubique
1051 1902 1128 1963 fides
1150 1900 1296 1964 adhibea-

550 1998 616 2062 tur,
652 2007 732 2068 quae
763 1992 971 2056 adhiberetur
1002 1995 1240 2073 praesentibus,
1271 1996 1297 2057 si

548 2085 656 2148 forent
677 2086 837 2148 exhibitae
859 2087 912 2150 vel
938 2095 1095 2152 ostensae.

588 2179 700 2242 Datum
723 2180 858 2254 Romae,
883 2182 964 2259 apud
991 2181 1022 2244 S.
1048 2183 1177 2245 Mariam
1207 2184 1298 2246 llaio-

549 2289 629 2346 rem,
654 2273 713 2336 sub
735 2274 854 2336 annulo
876 2273 1053 2346 Piscatoris
1078 2277 1129 2339 die
1151 2292 1206 2338 xxv
1223 2279 1296 2339 maii

551 2383 728 2440 nncxxxv„
753 2369 954 2446 pontificatus
976 2370 1077 2432 nostri
1099 2387 1182 2432 anno
1206 2388 1262 2433 xrr.

883 2651 961 2715 llll.

549 2835 779 2900 Patriurclront
790 2839 1000 2902 Aruernorum
1009 2840 1160 2904 bortatur
1174 2842 1215 2906 cd
1226 2843 1299 2904 raot-

589 2935 686 2991 ictam
707 2931 780 3011 fidei
802 2938 1047 3004 autecessorum,
1071 2951 1165 3013 qurum
1183 2953 1222 2998 ear
1238 2937 1296 2997 col.

593 3024 726 3088 Consilii
752 3024 931 3089 Tridentini
951 3044 1008 3089 suo
1040 3027 1190 3091 idiomate
1211 3045 1299 3090 verso

589 3119 697 3187 discat,
718 3135 776 3198 per
803 3119 943 3182 Paolum
966 3119 1184 3197 Pyro-malliana
1209 3139 1298 3203 carpe-

589 3212 692 3274 ditum
714 3217 771 3274 etc.
795 3208 851 3294 (l).

1068 659 1133 704 [Uli.
1156 659 1248 704 ΡΟΝΤ.
1272 658 1313 703 DE
1334 659 1364 703 P.
1388 658 1418 704 F.
1442 659 1526 704 Putas
1547 659 1569 704 1.

1350 777 1577 855 approbatione
1610 771 1750 841 sese'ad
1780 777 1979 856 Apostolicae
2008 774 2098 838 Sedis

1352 873 1507 935 unitatem
1530 881 1756 950 aggregarunt.
1787 872 1876 947 Quod
1906 873 2037 950 quidem
2060 887 2098 932 ex

1351 965 1497 1026 eiusdem
1512 965 1643 1028 Concilii
1659 965 1838 1036 volumine,
1852 972 1947 1042 atque
1959 981 1998 1027 ev
2011 979 2098 1041 prae-

1352 1058 1426 1120 dicti
1454 1058 1614 1121 Pontitlcis
1647 1059 1831 1137 diplomate,
1856 1058 1941 1134 quod
1968 1055 2098 1118 nonita

1352 1151 1476 1231 pridem
1499 1151 1610 1215 Sacrae
1632 1152 1897 1232 Congregationis
1913 1151 2100 1214 auctoritate

1351 1252 1461 1308 vestro
1483 1246 1633 1308 idiomate
1663 1246 1879 1324 conscriptum
1907 1250 1938 1305 et
1967 1243 1999 1306 in
2028 1243 2100 1304 luce

1352 1339 1474 1403 editum
1511 1339 1585 1412 fuit,
1616 1339 1797 1401 fraternitas
1833 1345 1885 1399 tua
1917 1336 2100 1400 luculenter

1353 1433 1531 1512 perspiciet.
1556 1433 1746 1495 Huiusmodi
1769 1433 1960 1494 documenta
1975 1430 2031 1492 tibi
2047 1446 2100 1491 ex·
2180 1467 2182 1474 ·

1353 1527 1474 1590 nibebit
1496 1527 1630 1589 dilectus
1652 1526 1736 1589 iilius
1763 1525 1877 1588 Paulus
1900 1524 2100 1603 Pyromallus

1352 1619 1477 1683 Ordinis
1493 1621 1760 1690 Praedicatorum,
1779 1617 1891 1681 Sacrae
1906 1617 2099 1694 theologiae

1353 1715 1468 1777 Doctor
1490 1720 1522 1775 et
1544 1713 1675 1785 Lector,
1706 1714 1796 1774 ouius
1825 1711 2043 1788 integritatem
2066 1729 2100 1773 ac

1353 1807 1555 1886 prudentiam
1568 1807 1640 1868 ideo
1653 1822 1825 1870 recensere
1837 1805 2099 1884 supersedemus,

1353 1902 1436 1979 quod
1461 1901 1637 1980 peculiares
1653 1901 1722 1963 eius
1738 1901 1829 1964 dotes
1843 1901 2030 1962 iamdudum
2046 1916 2100 1962 no-

1354 1997 1449 2060 veris.
1474 1996 1550 2058 Eam
1566 1997 1644 2063 istae
1658 1995 1846 2073 allegamus,
1871 2001 1908 2057 ut
1922 1995 2099 2066 scientiam,

1354 2106 1434 2170 quae
1455 2107 1472 2152 a
1493 2090 1558 2151 lieo
1591 2097 1649 2162 est,
1677 2089 1799 2152 nationi
1830 2095 1955 2151 vestrae
1988 2087 2102 2166 patefa-

1354 2184 1452 2256 ciens,
1476 2183 1563 2245 illam
1590 2183 1736 2245 ostendat
1764 2183 1911 2244 semitam
1944 2197 2025 2258 quae
2048 2181 2103 2241 lro·

1355 2279 1459 2340 mines
1480 2278 1517 2339 ad
1550 2277 1673 2340 beatam
1695 2292 1792 2340 verae
1824 2275 1982 2338 felicitatis
2012 2291 2102 2352 spem

1354 2371 1569 2434 abditissimo
1592 2371 1797 2433 advocantur.
1821 2370 1924 2444 Quare
1946 2370 1990 2432 sic
2008 2369 2102 2431 illum

1356 2466 1412 2528 tibi
1433 2465 1715 2535 commendamus,
1739 2471 1775 2525 ut
1797 2463 1910 2526 maiori
1939 2463 2046 2526 studio
2068 2479 2102 2525 ac

1356 2561 1520 2638 diligentia
1538 2559 1756 2623 commendari
1773 2573 1975 2636 nequaquam
1992 2557 2100 2634 possit.

1355 2654 1402 2716 Ex
1424 2655 1539 2717 eodem
1561 2653 1663 2715 fusius
1695 2652 1872 2730 percipies,
1896 2666 1961 2729 quo
1989 2651 2102 2713 aflectu

1355 2747 1616 2826 complectamur,
1627 2753 1660 2808 et
1670 2761 1734 2824 quo
1746 2745 1851 2808 studio
1864 2745 2005 2808 curaturi
2021 2761 2103 2807 sem-

1356 2859 1412 2922 per
1427 2858 1550 2914 sumus,
1565 2848 1601 2902 ut
1613 2840 1705 2912 nihil,
1720 2840 1804 2917 quod
1822 2857 1838 2901 a
1854 2840 1946 2902 nobis
1961 2839 1994 2902 in
2010 2847 2102 2902 tuum

1355 2943 1388 2998 et
1408 2936 1579 2997 universae
1601 2933 1772 2996 Armeniae
1804 2934 2011 2996 commodum
2032 2949 2104 3011 pro-

1355 3029 1451 3092 ficisci
1473 3029 1579 3108 possit,
1603 3044 1744 3105 unquam
1771 3026 1984 3090 desideretur.
2008 3027 2036 3090 ls
2058 3034 2103 3089 et·

1354 3125 1416 3186 iam
1439 3122 1495 3185 tibi
1518 3122 1587 3184 fuse
1602 3121 1803 3198 significabit,
1822 3136 1917 3198 quarn
1940 3119 2034 3183 enixe
2050 3139 2102 3184 cu·

1355 3217 1494 3296 piamus,
1519 3221 1555 3278 ut
1577 3215 1672 3278 buius
1695 3215 1826 3278 Sanctae
1842 3213 1931 3276 Sedis
1946 3214 2102 3276 unionem

1266 3339 1271 3347 ·
1354 3311 1567 3388 amplectaris,
1582 3317 1614 3370 et
1625 3308 1819 3371 Catholicam
1833 3308 1942 3381 fidem,
1957 3307 2026 3370 sine
2041 3323 2103 3386 qua

630 3393 762 3480 Philippo
787 3393 985 3464 Patriarobae
1009 3398 1218 3478 uenenorum,

650 3685 655 3692 .
743 3581 923 3650 brennus
947 3583 1006 3650 ΡΡ.
1033 3583 1101 3650 Vlll.

590 3773 716 3837 Nullam
739 3774 771 3836 in
794 3775 872 3836 orbe
889 3781 1049 3837 terrarum
1066 3777 1228 3840 nationem
1251 3795 1299 3841 se-

550 3870 686 3946 iungere
721 3875 824 3946 potest
850 3885 866 3930 a
892 3870 1052 3947 pontificia
1083 3871 1300 3935 sollicitudine

550 3964 695 4025 locorum
718 3961 953 4040 longinquitas:
979 3963 1096 4026 idcirco
1119 3981 1155 4026 ea
1169 3966 1300 4028 consilia

552 4057 676 4119 assidue
712 4057 927 4130 meditantur,
962 4058 1078 4135 quibus
1113 4067 1299 4121 cunctarum

554 4151 700 4228 gentium
716 4150 868 4222 felicitati,
882 4159 914 4214 et
925 4153 1104 4213 animarum
1120 4152 1213 4215 saluti
1228 4169 1301 4216 cou-

552 4245 644 4306 sulat.
661 4245 830 4324 Praecipua
846 4253 952 4308 autem
967 4246 1184 4308 armenorum
1202 4249 1301 4309 natio-

552 4355 624 4400 nem
640 4339 865 4401 benevolentia
878 4340 1106 4417 prosequimur
1117 4347 1212 4417 atque
1225 4355 1300 4417 erga

551 4433 697 4494 eamdem
720 4449 783 4494 non
807 4433 938 4510 exiguas
970 4434 1147 4511 pontificiae
1169 4435 1301 4497 ebarita-

552 4527 590 4588 tis
612 4527 860 4605 significationes
880 4527 1035 4590 enlribere
1052 4536 1209 4606 optamus,
1227 4545 1300 4591 cum

551 4623 650 4694 illam,
674 4622 839 4684 retroactis
862 4623 958 4683 etiarn
977 4623 1122 4696 saeculis,
1141 4623 1300 4688 Romanae

551 4716 711 4778 Ecclesiae
733 4716 942 4787 consensisse,
966 4723 998 4778 et
1018 4717 1147 4778 beatum
1169 4718 1299 4782 Petrum

551 4811 584 4872 in
606 4809 672 4871 suis
695 4809 933 4872 successoribus
951 4811 1000 4888 pie
1016 4818 1201 4873 veneratam
1218 4829 1299 4886 esse,

554 4904 719 4966 veteribus
742 4903 892 4966 historiae
917 4905 1137 4967 monumentis
1159 4921 1302 4984 comper-

556 5008 624 5060 tum
646 4998 696 5059 sit.
715 4997 853 5070 Etenim,
872 5005 998 5075 praeter
1020 5015 1055 5060 ea
1077 5014 1158 5077 quae
1173 5000 1212 5062 de
1233 5017 1301 5062 san-

554 5100 680 5154 ctorum
703 5090 849 5154 Silvestri
866 5093 964 5170 Papae
980 5100 1012 5154 et
1026 5091 1174 5170 Gregorii
1190 5093 1302 5155 Arme-

554 5186 624 5249 niae
646 5185 884 5264 drchiepiseopi
907 5193 1020 5248 mutuo
1036 5188 1149 5248 aflectu
1168 5187 1301 5248 minime

554 5297 612 5341 nos
641 5279 751 5350 latent,
788 5278 921 5341 illustris
951 5287 1037 5341 extat
1063 5279 1218 5342 memoria
1247 5280 1302 5342 llo·

554 5372 674 5434 rentini
694 5371 839 5444 Goneilii,
863 5373 895 5435 in
911 5389 975 5450 quo
990 5374 1127 5436 maxima
1143 5385 1215 5435 cum
1238 5377 1302 5451 pie-

555 5473 617 5528 tate
645 5483 679 5527 ac
701 5466 783 5540 zelo,
813 5465 960 5544 Eugenio
982 5467 1033 5529 lV.
1058 5467 1222 5539 Pontifice,
1247 5467 1303 5528 dr-

556 5560 641 5621 rneni
664 5560 864 5622 concordiam
894 5577 967 5622 cum
989 5560 1129 5623 Romana
1164 5560 1303 5622 Ecclesia

556 5653 708 5724 inierunt,
732 5659 765 5714 et
786 5669 910 5714 summa
934 5654 1127 5732 populorum
1157 5654 1302 5716 omniurn

595 5925 624 5978 (l)
641 5926 676 5968 lix
692 5927 784 5979 congr.
800 5925 950 5970 Tataulario.

594 5991 624 6046 tt)
641 5993 777 6036 Decretum
794 5992 1010 6048 congregationis
1026 5993 1074 6036 snb
1088 5993 1130 6036 die
1140 6004 1186 6036 xn.
1202 5993 1302 6038 februa·

554 6057 588 6102 rii
604 6069 718 6103 vrnexnv.
734 6070 786 6114 quo
801 6058 892 6103 missio
908 6059 934 6102 in
949 6058 1114 6114 Nigritarum
1134 6058 1224 6115 regnis
1245 6071 1302 6115 pro·

1354 3403 1551 3482 impossibile
1573 3409 1622 3464 est
1644 3401 1767 3479 placere
1782 3400 1858 3473 Deo,
1875 3401 1972 3464 corde
1994 3402 2102 3464 credas

1354 3498 1391 3560 ad
1424 3497 1598 3568 iustitiam,
1633 3511 1688 3558 ore
1716 3503 1824 3556 autem
1856 3495 2037 3558 confitearis
2066 3497 2103 3558 ad

1354 3592 1502 3654 salutem.
1533 3589 1619 3652 Hanc
1641 3605 1736 3668 porro
1767 3589 1863 3650 iidem
1886 3588 2026 3650 Romana
2047 3589 2103 3651 Ec-

1354 3685 1459 3757 clesia,
1478 3684 1623 3746 omnium
1639 3683 1854 3746 Ecclesiarnm
1877 3683 2040 3760 magistra,
2058 3683 2103 3745 in-

1355 3785 1480 3855 tegram
1501 3785 1596 3854 atque
1613 3776 1765 3838 illibatam
1781 3782 1909 3850 tuetur3
1928 3775 2007 3838 banc
2022 3776 2104 3855 lipo-

1354 3873 1512 3934 stolorum
1536 3871 1695 3950 principes
1717 3869 1831 3932 Petrus
1854 3877 1886 3931 et
1907 3871 2033 3942 Paulus,
2051 3871 2103 3933 vel

1354 3965 1423 4045 ipso
1446 3965 1612 4043 sanguinis
1635 3965 1830 4038 testimonio,
1858 3966 2048 4034 docuerunt.
2072 3975 2105 4029 et

1355 4061 1436 4122 hanc
1457 4060 1556 4121 sancti
1578 4058 1724 4120 Pontifex
1748 4055 1903 4120 Silvester
1925 4066 1958 4120 et
1984 4059 2104 4137 Grego-

1355 4155 1421 4216 rius
1444 4141 1552 4215 vester
1575 4151 1839 4230 archiepiscopus
1873 4153 2104 4230 praedicatione

1355 4252 1583 4328 propagarunt.
1615 4245 1679 4306 Nos
1713 4261 1771 4322 pro
1802 4245 2010 4308 fraternitatis
2033 4255 2104 4310 tuae

1354 4339 1529 4404 immortali
1544 4338 1692 4400 felicitate
1708 4339 1867 4400 bonorum
1884 4340 2029 4402 omnium
2046 4341 2104 4402 lar-

1356 4434 1451 4512 gitori
1474 4439 1547 4496 vota
1565 4437 1796 4509 nuncupantes,
1815 4433 1884 4495 eins
1900 4434 2104 4497 clementiam

1355 4528 1481 4590 assidue
1503 4525 1677 4596 orabimus,
1695 4531 1732 4585 ut
1753 4532 1805 4587 tua
1827 4525 1943 4604 dirigat
1960 4527 2101 4600 consilia,

1356 4621 1477 4698 tibique
1499 4620 1624 4682 divinae
1639 4635 1714 4680 suae
1731 4619 1849 4696 gratiae
1875 4620 1997 4684 lumine
2017 4638 2104 4699 prae-

1354 4721 1403 4776 sto
1426 4715 1476 4777 sit.

1396 4809 1510 4870 Datum
1522 4808 1650 4878 Romae,
1661 4807 1742 4884 apud
1756 4805 1787 4868 S.
1800 4807 1926 4869 Mariam
1940 4809 2103 4884 Maiorem,

1355 4903 1415 4965 sub
1439 4901 1559 4963 anrrulo
1576 4900 1700 4971 Piscat,
1724 4901 1775 4962 die
1798 4917 1862 4962 xvi.
1880 4902 1949 4964 iulii
1972 4920 2103 4977 uncum,

1357 4995 1557 5076 pontificatus
1581 4993 1682 5054 nostri
1705 5009 1787 5054 anno
1811 5009 1888 5056 xvu.

1673 5347 1675 5354 ,
1703 5277 1754 5339 m.

1357 5467 1412 5528 Pr.
1444 5467 1722 5532 conuocaturum,
1757 5482 1828 5526 curu
1860 5467 1953 5528 sociis
1986 5467 2107 5529 missio-

1398 5560 1521 5629 ncriis,
1554 5559 1688 5626 Aiouro,
1717 5559 1785 5638 rapi
1811 5558 1928 5640 Coepi,
1954 5577 2106 5622 commcn-

1398 5655 1454 5716 dnt
1475 5655 1530 5734 (2).

1359 5924 1458 5970 vinciae
1481 5925 1639 5970 aridolusiae
1661 5923 1849 5981 capucinorum
1871 5924 2059 5980 committitur,
2081 5929 2108 5970 et

1358 5993 1505 6050 praefectus
1522 5993 1683 6047 instituitur,
1699 5997 1748 6036 etc.

1396 6075 1409 6100 a<
1418 6059 1557 6104 Refereute
1572 6057 1782 6104 eminentissimo
1797 6057 1847 6103 diro
1855 6058 1995 6114 ,cardinali
2005 6061 2028 6103 S.
2041 6063 2107 6104 Onu·
