4836 7002
1746 581 1801 644 l8l
1860 582 1912 639 An.
1925 583 1954 640 G.
1970 583 2037 640 1755

271 715 485 780 visitationem
508 719 608 780 dictae
630 719 790 798 cappellae
804 719 842 782 ab
854 716 1017 796 Episcopis
1074 722 1106 778 et
1127 715 1268 780 efficaces
1291 718 1428 781 existere
1451 727 1483 782 et
1505 718 1574 782 lore
1595 735 1736 796 suosque
1757 719 1823 797 ple·

272 810 484 872 Praenestinis
507 811 678 876 laciendam
704 812 897 891 permisisse,
923 817 1018 889 prout
1074 809 1180 871 uarios
1201 817 1233 871 et
1254 811 1398 888 integros
1413 813 1544 874 allectus
1559 811 1667 874 sortiri
1692 820 1724 874 et
1741 813 1820 876 obti-

272 918 311 962 ex
323 903 398 964 actis
412 919 574 968 sacrarum
589 907 809 968 visitationum
826 907 855 968 id
871 911 1017 968 constare
1074 919 1163 973 ruere,
1177 923 1211 964 ac
1233 905 1307 976 illis,
1325 907 1360 968 ad
1378 921 1458 983 quos
1480 913 1601 984 spectat
1622 915 1654 968 et
1669 921 1726 982 pro
1744 913 1823 968 tem·

869 597 1066 644 beneolentis
1088 599 1139 643 PP.
1164 598 1228 644 le.

272 995 442 1072 asseritur3
465 998 635 1076 cupiatque
655 1007 823 1078 propterea
839 999 939 1061 dictus
955 998 1003 1060 An

273 1089 401 1150 toninus
437 1091 588 1169 Magister
622 1093 786 1158 Generalis
823 1095 926 1157 eidem
963 1091 1017 1155 Or·

272 1182 338 1245 dini
354 1183 385 1245 in
401 1187 583 1263 praemissis
598 1207 614 1249 a
630 1189 720 1250 nobis
743 1187 923 1266 provideri:
947 1203 1015 1256 nos,

272 1277 326 1352 qui
348 1277 467 1340 dietum
491 1279 691 1343 Antoninum
714 1282 900 1358 Magistrum
916 1280 1018 1343 Gene-

272 1369 371 1433 ralenr
402 1373 540 1450 paternis
565 1375 811 1453 complectimur
842 1374 1017 1444 aflectibus,

271 1465 442 1543 ipsumque
464 1467 631 1530 aedictum
655 1467 807 1531 Ordinem
829 1468 1018 1547 specialibus

272 1555 435 1619 lavoribus
467 1567 499 1621 et
530 1561 640 1638 gratiis
670 1562 819 1639 prosequi
854 1561 1016 1632 volentes,

271 1649 458 1728 dictumque
480 1651 679 1716 Antoninum
703 1655 889 1732 Magistrum
918 1654 1019 1716 Oene-

270 1742 370 1804 ralem
387 1761 402 1806 a
419 1745 585 1822 quibusvis
600 1748 951 1820 excommunicationis,
967 1765 1019 1812 su-

269 1838 461 1916 spensionis,
485 1847 517 1902 et
538 1841 699 1904 interdicti
720 1842 855 1920 aliisque
874 1843 1019 1905 ecclesia-

269 1933 357 1994 sticis
378 1934 559 2006 sententiis,
583 1936 729 1998 censuris
744 1943 776 1997 et
791 1937 902 2015 poenis
917 1955 933 1998 a
948 1937 1019 1999 iure

271 2026 324 2088 vel
339 2026 376 2087 ab
393 2026 536 2100 bomine,
549 2031 661 2105 quavis
677 2031 840 2092 occasione
852 2030 904 2092 vel
916 2047 1017 2102 causa,

270 2119 352 2190 latis,
379 2120 548 2197 siquibus
579 2123 823 2198 quomodolibet
849 2124 1019 2187 innodatus

270 2211 390 2284 existit,
407 2215 442 2275 ad
460 2213 609 2276 ellectum
623 2217 838 2293 praesentium
857 2219 1020 2282 dumtaxat

270 2308 547 2383 consequendum,
576 2308 689 2370 barum
710 2310 794 2372 serie
815 2311 1019 2374 absolventes

270 2407 304 2460 et
324 2400 507 2464 absolutum
531 2401 598 2464 lore
621 2413 799 2476 censentes,
817 2405 1005 2483 supplicatio

270 2493 366 2554 nibus
388 2494 457 2556 eius
480 2497 612 2558 nomine
638 2497 730 2559 nobis
752 2515 849 2576 super
880 2499 939 2562 boc
962 2501 1019 2562 bu-

271 2586 392 2648 militer
414 2590 569 2665 porrectis
591 2590 743 2660 inclinati,
767 2597 803 2653 ot
825 2592 969 2673 deinceps
984 2595 1018 2656 in

268 2678 405 2758 publicis
437 2683 585 2762 cappellis
615 2701 669 2745 seu
699 2685 836 2763 priuatis
866 2688 1019 2750 oratoriis

270 2773 479 2838 existentibus
501 2777 536 2852 ip
558 2776 712 2847 domibus,
726 2779 972 2858 possessionibus
990 2788 1020 2843 et

271 2867 419 2930 ruerrtbris
445 2869 486 2932 od
508 2877 680 2932 reuocatus
705 2871 835 2936 Ordirus
862 2874 1019 2953 praedicti

271 2978 360 3022 urtuc
380 2969 410 3024 et
430 2980 487 3044 pro
503 2969 639 3044 tempore
652 2965 867 3046 spectantibus
881 2976 910 3030 et
923 2969 1019 3048 perti·

272 3053 432 3126 uentibus,
446 3073 527 3134 quae
539 3059 576 3120 ab
588 3057 762 3122 Ordinariis
774 3061 919 3123 locorum
932 3063 1019 3125 iuxta

271 3149 322 3210 ius
343 3151 465 3212 visitari
487 3159 519 3213 ct
539 3153 706 3231 approbari
726 3155 849 3217 soleant
870 3157 1019 3218 debeant·

270 3259 347 3321 que,
360 3243 435 3306 licet
444 3245 482 3306 ab
494 3244 557 3308 illis
573 3263 631 3308 nec
644 3247 766 3310 visitata
781 3265 838 3310 nec
850 3250 1019 3327 approbata

270 3337 404 3410 luerint,
428 3337 638 3402 nibilominus
653 3349 887 3405 sacrosanctum
905 3344 1019 3405 missae

268 3432 459 3494 sacrificium
485 3439 546 3494 tam
571 3449 627 3510 per
649 3435 827 3512 regulares,
846 3437 915 3499 sive
937 3439 1019 3499 eius-

270 3525 344 3586 dem
367 3525 436 3588 sive
457 3526 588 3590 alterius
610 3526 748 3601 Ordinis,
764 3545 860 3606 quam
881 3532 1019 3594 saecula-

270 3635 323 3680 res
339 3619 546 3698 presbpteros
563 3627 631 3681 tuto
650 3615 805 3684 celebrari
822 3624 932 3701 possit,
947 3625 1018 3686 mis-

268 3726 403 3788 samque
434 3711 513 3774 inibi
546 3714 712 3776 audientes
747 3716 859 3779 dicbus
898 3717 1019 3779 festivis

270 3810 439 3882 praecepto
461 3805 619 3869 Ecclesiae
636 3808 692 3870 bac
707 3809 746 3870 de
768 3825 803 3870 re
826 3810 911 3872 edito
932 3814 1019 3873 satis-

269 3896 375 3961 lacere
406 3899 646 3977 intelligantur,
680 3902 800 3978 absque
823 3910 930 3966 tamen
951 3905 1018 3967 ullo

269 3993 390 4054 iurium
413 3994 643 4071 parochialium
660 3996 864 4073 praeiudicio,
882 3999 1018 4060 auctori-

270 4091 334 4148 tate
355 4087 526 4163 apostolica
541 4095 655 4150 tenore
670 4091 888 4166 praesentium
904 4109 1016 4156 conce·

269 4180 376 4242 dimus
398 4187 430 4242 et
451 4180 669 4258 indulgemus.
686 4181 821 4260 insuper
838 4183 934 4247 dictas
949 4203 1017 4263 oap-

270 4274 369 4352 pellae
390 4275 530 4353 publicas
549 4283 581 4338 ct
596 4277 716 4353 privata
742 4279 878 4340 oratoria
902 4297 917 4339 a
943 4295 1016 4357 qua-

269 4383 409 4446 cumque
440 4367 598 4432 Ordinarii
624 4369 786 4444 locorum,
814 4387 1016 4450 quacumque

1075 1011 1151 1073 pore
1174 998 1477 1076 quomodocumque
1499 1000 1664 1078 spectabit,
1691 1000 1822 1062 inviola-

1075 1089 1181 1152 biliter
1214 1090 1400 1167 observari;
1433 1093 1542 1170 sicque
1575 1094 1608 1155 in
1640 1093 1822 1171 praemissis

1076 1199 1132 1262 per
1153 1199 1375 1262 quoscumque
1391 1186 1511 1248 iudices
1527 1187 1705 1249 ordinarios
1720 1194 1753 1248 et
1768 1187 1820 1248 tle-

1076 1277 1207 1354 legatos,
1232 1278 1327 1340 etiam
1343 1295 1508 1340 causarum
1529 1279 1633 1357 palatii
1658 1280 1822 1356 apostolici

1074 1370 1247 1441 auditores,
1277 1371 1407 1434 iudicari
1430 1379 1462 1436 et
1484 1373 1610 1434 deliniri
1633 1373 1763 1444 debere,
1788 1390 1822 1435 ac

1075 1463 1201 1526 irritum
1232 1471 1264 1526 et
1292 1466 1403 1539 inane,
1432 1467 1456 1526 si
1485 1483 1578 1530 secus
1606 1484 1703 1545 super
1736 1467 1824 1528 bisa

1075 1572 1248 1634 quoquam,
1262 1559 1373 1635 quavis
1395 1560 1592 1632 auctoritate,
1609 1561 1748 1622 scienter
1770 1561 1822 1622 vel

1075 1652 1480 1730 ignoranter,contingerit
1494 1655 1653 1718 attentari.
1676 1654 1746 1716 Non
1768 1655 1822 1716 ob·

1075 1746 1231 1808 stantibus
1253 1747 1435 1825 apostolicis
1463 1765 1497 1810 ac
1525 1748 1557 1809 in
1586 1749 1822 1810 universalibus

1075 1840 1389 1918 provincialibusque
1405 1847 1437 1904 et
1451 1841 1658 1920 synodalibus
1679 1843 1821 1904 conciliis

1075 1933 1168 1994 editis
1191 1934 1394 2010 generalibus
1415 1934 1467 1996 vel
1488 1935 1678 2013 specialibus
1707 1937 1822 1998 consti-

1076 2027 1254 2088 tutionibus
1276 2033 1308 2088 et
1330 2029 1594 2100 ordinationibus,
1614 2047 1649 2090 ac
1670 2045 1821 2106 quarum-

1075 2136 1215 2197 cumque
1237 2121 1462 2193 ecclesiarum,
1486 2122 1620 2198 aliisque
1643 2123 1820 2199 quibusvis,

1075 2214 1169 2276 etiam
1186 2215 1378 2286 iuramento,
1395 2216 1638 2278 confirmatione
1654 2217 1823 2294 apostolica

1075 2307 1127 2369 vel
1143 2308 1253 2385 quavis
1271 2309 1421 2370 lirnritate
1436 2310 1496 2370 alia
1512 2310 1679 2384 roboratis,
1697 2313 1822 2372 statutis

1075 2408 1107 2463 et
1138 2402 1443 2474 consuetudinibus,
1473 2403 1650 2481 privilegiis
1679 2419 1820 2482 quoque,

1075 2495 1207 2556 indultis
1229 2501 1261 2556 et
1288 2495 1404 2557 litteris
1432 2497 1611 2574 apostolicis
1637 2498 1670 2559 in
1700 2505 1822 2560 contra-

1075 2589 1159 2650 rium
1193 2590 1443 2666 praemissorum
1476 2592 1719 2667 quomodolibet
1749 2609 1822 2654 con-

1074 2683 1185 2752 cessis,
1216 2683 1411 2746 uonllrmatis
1441 2691 1473 2746 et
1500 2685 1669 2749 innovatis
1703 2686 1822 2760 Ouibus

1076 2778 1225 2839 omnibus
1240 2785 1272 2840 et
1286 2778 1434 2856 singulis,
1448 2779 1578 2842 illorum
1593 2788 1721 2844 tenores
1735 2797 1823 2860 prae-

1073 2870 1218 2932 sentibus
1240 2887 1297 2949 pro
1320 2871 1415 2949 plene
1431 2879 1462 2934 et
1477 2873 1673 2936 sufficienter
1694 2891 1823 2953 expres-

1074 2968 1116 3026 sis
1135 2982 1168 3026 ac
1184 2967 1223 3026 de
1237 2965 1338 3028 verbo
1360 2966 1397 3028 ad
1414 2967 1551 3028 verbum
1566 2968 1694 3030 insertis
1708 2969 1824 3032 baben-

1077 3067 1134 3130 tes,
1151 3059 1214 3121 illis
1236 3059 1311 3122 alias
1332 3060 1364 3120 in
1386 3077 1445 3122 suo
1460 3061 1577 3123 robore
1592 3064 1822 3140 permansuris,

1075 3154 1111 3215 ad
1135 3153 1384 3230 praemissorum
1397 3154 1558 3226 ellectum,
1578 3156 1634 3217 bac
1648 3157 1718 3218 vice
1733 3158 1824 3218 dum·

1077 3253 1169 3317 taxat,
1193 3245 1374 3324 specialiter
1396 3255 1429 3308 et
1450 3263 1603 3326 expresse
1619 3249 1822 3326 derogamus,

1075 3341 1257 3416 ceterisque
1278 3340 1447 3401 contrariis
1468 3341 1736 3420 quibuscumque.

1116 3433 1227 3494 Oatum
1250 3431 1379 3506 Romae,
1403 3435 1483 3511 apud
1515 3433 1546 3496 S.
1576 3435 1703 3500 Mariam
1732 3438 1824 3501 Maio-

1075 3543 1157 3598 rem,
1179 3527 1238 3588 sub
1260 3526 1379 3588 annulo
1402 3526 1580 3600 Piscatoris,
1605 3529 1655 3591 die
1678 3547 1757 3594 xxrr.
1782 3534 1822 3594 ia-

1076 3621 1178 3682 nuarii
1202 3637 1352 3692 uocatu,
1372 3620 1571 3697 pontificatus
1588 3625 1687 3685 nostri
1704 3642 1754 3687 an.
1770 3643 1820 3689 xv.

1422 3903 1472 3965 Xl.

1094 4089 1243 4154 Probibet
1259 4089 1404 4152 Armenia
1427 4097 1489 4152 tres
1511 4092 1625 4155 missos
1646 4093 1804 4158 celebrare

1214 4185 1249 4246 iu
1277 4189 1367 4246 cocto
1388 4183 1517 4248 Natalis
1539 4186 1679 4249 Oomiui.

1077 4374 1201 4439 lettera
1229 4371 1307 4438 della
1338 4368 1459 4438 sentite
1489 4371 1514 4438 di
1545 4372 1656 4440 Nostro
1691 4374 1821 4458 signore

270 4462 707 4541 auctoritate,superioritate
725 4471 757 4526 et
776 4465 929 4542 dignitate
945 4465 1016 4530 lun·
1113 4465 1281 4532 Benedelto
1304 4463 1388 4548 Papa
1411 4463 1481 4531 xil.
1505 4483 1523 4531 e
1545 4469 1823 4551 [1018191111νοί-

270 4555 387 4633 gontis,
404 4556 586 4618 visitatione
608 4564 640 4618 et
654 4557 864 4630 subiectione,
882 4561 1016 4622 auctori·
1112 4575 1245 4628 vescere
1265 4559 1290 4625 dl
1314 4557 1386 4624 sorr
1402 4561 1574 4641 segreierie
1590 4560 1668 4628 delia
1684 4561 1819 4646 oonpre-

271 4656 333 4711 tate
356 4657 388 4711 et
409 4655 522 4712 tenore
545 4651 724 4728 praedictis,
738 4651 910 4715 eximimus
927 4661 959 4716 et
981 4654 1016 4715 li-
1112 4654 1240 4738 gaziene
1263 4653 1288 4719 di
1312 4653 1511 4737 Propagande
1535 4653 1616 4720 Fide.

270 4744 437 4815 beramus,
460 4761 495 4805 ac
524 4753 671 4821 exempta
700 4760 770 4806 esse
793 4746 1014 4820 decernimus,

268 4837 420 4900 volumus
443 4845 476 4901 et
497 4838 712 4913 declaramus3
736 4855 772 4900 ea
794 4845 900 4902 tamen
923 4841 1014 4920 lege,
1052 4887 1055 4894 ,

269 4938 304 4991 ut
325 4931 364 4992 ad
391 4929 550 4993 eiusmodi
578 4929 746 5003 enectum,
770 4947 887 5011 nempe
913 4937 1014 5010 quoad

270 5024 485 5088 visitationem
500 5041 556 5102 per
568 5026 713 5088 locorum
725 5023 1017 5106 Ordinariossuper
1289 5027 1477 5095 Venerabilis
1500 5029 1609 5109 irater,

270 5117 398 5180 illarum
421 5127 453 5180 et
474 5117 606 5180 illorum
632 5119 749 5181 labrica
776 5127 889 5182 ornatu
912 5129 944 5184 et
965 5137 1016 5186 su·
1108 5123 1235 5190 salutem
1259 5129 1291 5189 el
1312 5121 1510 5207 apostolicam
1533 5125 1786 5193 benedictionem.

271 5211 423 5290 pellectili
444 5227 530 5274 saera
552 5212 738 5284 taciendam,
755 5214 829 5274 satis
851 5216 891 5276 sit
906 5223 938 5278 et
952 5217 1016 5280 sul-

1233 4837 1478 4906 Benedictus
1503 4841 1563 4907 PP.
1588 4841 1660 4908 litt.

270 5306 373 5378 ficiat,
397 5307 482 5384 quod
511 5307 592 5369 dicta
621 5309 778 5382 oratoria,
803 5311 962 5388 cappellae
984 5319 1017 5374 et
1113 5312 1202 5374 Mella
1231 5312 1408 5390 penultima
1440 5313 1594 5385 udienza,
1618 5314 1677 5377 obe
1709 5317 1762 5378 noi
1791 5317 1821 5380 le

269 5401 378 5463 altaria
405 5401 576 5464 visitentur
604 5409 637 5464 et
665 5403 882 5481 approbentur
910 5423 944 5468 ac
972 5406 1017 5466 vi·
1073 5407 1213 5477 damme,
1238 5405 1298 5467 ella
1320 5407 1348 5467 ci
1370 5423 1494 5484 espose,
1507 5407 1566 5469 cbe
1588 5409 1711 5470 avendo
1726 5419 1822 5473 avuto

269 5495 357 5556 sitari
379 5501 412 5556 et
432 5495 598 5572 approbari
621 5496 757 5560 debeant
776 5515 791 5557 a
807 5498 958 5560 iratribus
974 5499 1017 5561 vi·
1073 5501 1208 5578 qualcbe
1231 5499 1388 5572 barlumc,
1405 5499 1464 5562 obe
1480 5500 1488 5560 i
1503 5502 1659 5564 sacerdoti
1675 5502 1819 5574 Armeni,

269 5585 453 5647 sitatoribus
485 5587 560 5649 dicti
580 5587 726 5662 Ordinis,
760 5597 888 5652 onerata
920 5607 1017 5669 super
1073 5593 1132 5655 cbe
1159 5610 1239 5655 sono
1267 5594 1298 5654 in
1328 5593 1487 5665 Livorno,
1511 5593 1595 5655 nella
1624 5595 1694 5656 loro
1716 5596 1823 5659 obiesa

270 5677 461 5740 conscientia
485 5687 548 5740 tam
571 5681 645 5743 dicti
667 5683 821 5747 Antonini
851 5685 1014 5755 moderni,
1074 5685 1238 5748 naaionale
1261 5685 1313 5747 nel
1335 5685 1366 5747 di
1382 5685 1432 5748 del
1450 5685 1666 5750 SantoNatale
1681 5689 1822 5770 celebra-

270 5787 365 5848 quam
398 5787 456 5850 pro
488 5779 634 5851 tempore
663 5777 841 5848 existentis
872 5777 1016 5840 eiusdem
1073 5794 1155 5841 vano
1178 5779 1208 5841 le
1231 5787 1280 5840 tre
1303 5795 1418 5852 messe,
1437 5797 1501 5842 non
1523 5796 1621 5842 aveva
1645 5783 1821 5846 tralasciato

269 5863 395 5928 Ordinis
424 5865 562 5944 Magistri
594 5867 768 5930 Generalis.
800 5871 1016 5935 Oecernentes
1074 5873 1105 5937 di
1127 5873 1268 5936 scrivere
1290 5891 1306 5935 a
1329 5874 1519 5950 monsignor
1551 5873 1762 5938 Arcivescovo
1790 5878 1821 5939 di

270 5959 398 6022 easdem
420 5967 603 6037 praesentes
626 5961 746 6026 litteras
761 5964 880 6040 tirmas,
898 5967 1016 6030 validas
1074 5969 1152 6040 Pisa,
1177 5982 1233 6045 per
1255 5983 1378 6046 sapere,
1402 5983 1436 6030 se
1459 5966 1480 6029 il
1503 5967 1581 6032 letto
1603 5985 1657 6032 era
1677 5983 1777 6044 vero,
1802 5989 1820 6036 e
