4814 6998
499 549 558 613 3th

478 685 655 762 primarum
687 683 870 749 scholarum
902 686 1110 748 dioecesanus
1143 682 1228 744 Anti-

477 785 562 850 stes,
585 777 613 838 si
633 778 694 856 ipsi
716 779 898 852 videbitur,
932 777 1111 842 nominabit
1131 777 1229 855 depu-

479 877 579 934 tatum
601 871 638 934 ad
661 873 953 948 recognoscentiam
976 872 1159 950 religiosam
1176 871 1229 932 do-

478 964 611 1026 ctrinam
635 972 667 1026 et
690 981 817 1027 morum
841 967 932 1028 dotes
954 966 1057 1037 illins,
1081 965 1136 1042 qui
1158 980 1229 1026 exa·

477 1058 557 1120 mini
580 1057 642 1121 erit
662 1057 890 1132 sublimandus,
905 1060 1026 1137 quique
1044 1057 1159 1121 iccirco
1178 1057 1228 1119 sui

478 1150 572 1212 cilicii
588 1166 706 1212 munus
721 1152 885 1230 suscipere
901 1168 1078 1230 numquam
1099 1153 1227 1230 poterit,

478 1243 503 1304 si
527 1245 559 1306 in
583 1244 640 1308 lrac
663 1246 885 1322 recognitione
904 1245 1003 1308 luerit
1025 1245 1228 1324 reprobatus.

518 1336 593 1398 llrt:
615 1333 651 1398 V.
680 1337 761 1401 Cum
791 1338 951 1400 Romanus
983 1338 1130 1402 Pontifex
1158 1337 1229 1399 iure

478 1430 588 1493 divino
610 1431 783 1507 primatum
806 1432 937 1494 honoris
953 1439 986 1495 et
1003 1431 1229 1495 iurisdictionis

479 1525 511 1586 in
533 1523 717 1586 nniversam
732 1541 793 1602 qua
809 1525 870 1588 late
886 1533 972 1603 patet
987 1525 1159 1588 Ecclesiam
1177 1525 1230 1586 ob-

480 1618 588 1690 tineat,
606 1625 674 1680 tum
692 1617 934 1697 episcopatum
957 1619 1063 1682 clerus
1085 1625 1117 1682 et
1132 1635 1229 1698 popu·

479 1711 529 1774 lus
552 1711 654 1774 libere
669 1727 742 1774 cum
759 1711 938 1799 Apostolica
954 1711 1036 1776 Sede
1052 1712 1231 1776 communi-

479 1805 606 1869 cabunt.
630 1805 739 1882 ltaque
758 1805 845 1868 nulla
860 1805 962 1868 civilis
978 1807 1146 1870 aucteritas
1163 1813 1230 1884 pot-

479 1897 540 1960 erit
563 1913 703 1975 unquam
726 1898 794 1961 ulle
814 1900 910 1962 modo
927 1901 986 1963 lroc
1008 1900 1148 1962 liberum
1165 1899 1230 1978 ple·

479 2007 624 2070 numque
639 2001 909 2056 commemoratae
932 1995 1231 2056 communicationis

479 2086 671 2149 exercitium
694 2086 852 2165 impedire
873 2088 1019 2164 cogendo
1046 2087 1228 2166 Episcopus,

478 2179 603 2244 clerum
620 2187 652 2243 et
667 2179 822 2259 populum
838 2182 886 2243 uti
901 2180 1055 2244 Gubernii
1072 2197 1178 2260 opera,
1196 2190 1232 2245 ut

473 2274 511 2354 ¹in
534 2289 649 2337 eorum
671 2269 913 2338 necessitatibus
942 2272 1088 2337 Sanctam
1112 2274 1230 2339 Sedem

478 2367 602 2439 adeant,
614 2375 668 2430 aut
683 2367 871 2430 subiiciendi
884 2367 1069 2445 apostolicas
1085 2369 1230 2432 eiusdem

479 2459 571 2523 Sedis
586 2460 693 2524 literas
713 2469 746 2523 et
767 2461 920 2540 rescripta
935 2461 1088 2525 Gubernii
1106 2465 1229 2535 veniae,

478 2554 579 2632 vulgo
603 2554 804 2634 Eceqoolor.

519 2648 586 2710 Art.
613 2645 661 2710 Vl.
687 2648 894 2712 Ecclesiastici
917 2649 1121 2727 Reipublicae
1142 2649 1231 2714 Ordi-

481 2741 561 2804 narii
583 2747 737 2820 poterunt
765 2742 857 2820 piena
880 2742 1029 2806 libertate
1051 2760 1123 2805 snas
1145 2745 1230 2808 dioe-

479 2850 566 2898 ceses
599 2835 802 2912 gubernare,
835 2852 1034 2910 convocare,
1067 2838 1231 2902 celebrare

479 2929 619 3006 synodos
642 2936 709 2992 tum
734 2929 956 3008 provinciales,
982 2937 1050 2992 tum
1073 2932 1230 2996 dioecesa-

480 3037 546 3094 nas,
567 3029 600 3084 et
621 3038 775 3086 exercere
797 3023 866 3084 iura
889 3039 969 3101 quae
991 3025 1028 3086 ad
1051 3025 1137 3103 ipsos
1159 3041 1229 3104 per-

480 3117 586 3178 tinent
600 3132 640 3178 ex
657 3116 779 3194 proprii
801 3118 881 3179 sacri
903 3118 1074 3180 ministerii
1089 3119 1120 3180 ri
1136 3127 1231 3198 atque

481 3225 520 3272 ex
533 3207 718 3287 rigentibus
729 3210 888 3273 canonicis
900 3211 1118 3275 sanctionibus
1129 3231 1144 3274 a
1156 3213 1231 3276 San-

480 3311 528 3366 cta
551 3303 634 3366 Sede
656 3305 806 3382 probatis,
831 3305 909 3382 quin
931 3304 1059 3384 aliquod
1088 3321 1230 3384 unquam

481 3401 660 3474 opponatur
681 3395 963 3474 impedimentum,
984 3399 1158 3474 quominus
1180 3417 1231 3462 su·

480 3495 606 3567 sceptae
633 3488 671 3550 ab
698 3489 773 3568 ipsis
800 3489 1017 3552 ordinationes
1049 3493 1233 3556 executioni

482 3583 685 3644 mandentur.
708 3581 789 3657 Quin
812 3583 878 3645 imo
899 3583 1090 3662 Aequatoris
1111 3586 1231 3649 Cubar-

481 3675 571 3738 nium
586 3675 692 3739 valido
713 3693 772 3738 suo
794 3677 969 3754 patrocinio
989 3694 1119 3741 omnem
1137 3695 1231 3758 opem

481 3768 564 3832 leret
585 3769 760 3849 Episcopis,
777 3787 849 3834 cum
873 3788 909 3834 ea
930 3771 969 3834 ab
991 3772 1065 3849 ipsis
1087 3773 1232 3851 require-

482 3869 545 3934 tur,
570 3879 604 3925 ac
626 3864 815 3941 praesertim
838 3881 911 3926 cum
938 3863 1035 3928 iidem
1063 3866 1230 3928 bominum

481 3957 637 4035 impietati
659 3956 815 4020 obsistere
838 3958 984 4032 debeant,
1009 3961 1064 4038 qui
1087 3961 1232 4024 ildelinm

481 4051 604 4112 animos
626 4058 815 4128 pervertere
832 4067 1012 4130 eorumque
1034 4069 1142 4118 mores
1164 4071 1233 4116 ccr-

482 4159 635 4222 rumpere
657 4153 827 4208 conentur.

521 4239 590 4302 Art.
608 4238 672 4302 Vll.
690 4237 870 4304 Rbolentur
885 4239 1113 4319 appellationes
1130 4259 1146 4304 a
1161 4259 1232 4305 sen·

481 4333 590 4395 tentiis
605 4330 847 4396 ordinariorum
862 4335 898 4396 ad
915 4334 1023 4397 laicam
1042 4343 1230 4412 potestatem

480 4427 594 4506 (vulgo
608 4441 754 4489 accerses
768 4427 805 4489 dc
818 4427 959 4508 fatena),
977 4435 1020 4500 et,
1038 4429 1140 4506 quoad
1159 4445 1232 4492 exe-

481 4519 626 4582 cutiones
641 4525 674 4581 et
696 4519 871 4584 sententias
886 4521 925 4582 ab
939 4519 1113 4584 Ordinariis
1136 4531 1169 4586 et
1183 4541 1232 4587 ec-

481 4611 661 4675 clesiasticis
681 4613 840 4676 iudicibus
862 4613 949 4687 latas,
968 4616 1087 4693 poterit
1109 4623 1230 4680 tantum

480 4705 633 4784 appellari
655 4707 693 4768 ad
714 4707 880 4785 superiora
903 4708 1113 4772 ecclesiastica
1133 4710 1232 4773 tribu-

419 4861 421 4866 .
481 4799 562 4862 nalia
584 4801 636 4864 vel
658 4802 696 4864 ad
719 4799 865 4864 Sanctam
889 4799 1005 4864 Sedem
1033 4803 1120 4864 iuxta
1142 4803 1232 4866 disci·

481 4894 601 4971 plinam
613 4900 763 4956 statutam
776 4895 808 4955 in
821 4894 1000 4973 apostolicis
1012 4895 1128 4958 litteris
1141 4895 1232 4960 Sum-

482 4987 525 5050 mi
543 4988 701 5050 Pontiflcis
716 4988 864 5066 Gregorii
879 4988 958 5060 xlii,
976 5003 1056 5066 qnae
1076 4990 1234 5068 incipiunt

483 5080 735 5163 Ecpoacttatad
747 5099 895 5146 normam
907 5084 1132 5146 canonicarum
1144 5099 1233 5162 prae-

479 5175 702 5254 scriptionum,
727 5185 759 5240 et
789 5192 901 5240 earum
923 5177 1126 5254 praesertim,
1151 5193 1233 5254 qnae

481 5284 539 5347 pro
558 5271 660 5332 causis
679 5271 967 5333 matrimonialibus
985 5288 1001 5332 a
1019 5269 1138 5333 Bened.
1163 5269 1232 5334 xlv

481 5363 583 5425 editae
605 5363 740 5428 luerunt
761 5364 793 5426 in
816 5364 1045 5428 constitutione
1068 5364 1124 5428 Dei
1141 5365 1231 5427 misc-

480 5456 619 5528 ratione,
642 5465 696 5520 aut
717 5464 871 5536 poterunt
891 5459 927 5520 ad
950 5457 1033 5536 ipsos
1048 5458 1232 5536 superiores

480 5550 613 5624 deterri,
631 5559 699 5613 tum
715 5551 871 5614 nullitatis
887 5558 955 5614 tum
972 5553 1143 5629 quaerelae
1162 5569 1233 5615 cau-

480 5661 524 5706 sa.
548 5645 760 5708 Ecclesiastici
782 5645 903 5708 iudices
919 5645 1087 5725 proterant
1108 5663 1164 5709 sua
1186 5646 1233 5708 in-

481 5738 579 5812 dicia,
610 5739 688 5817 quin
710 5739 762 5802 illa
791 5755 933 5816 unquam
955 5755 1152 5804 assessorum
1180 5739 1234 5802 lai-

480 5849 592 5895 corum
615 5833 793 5895 sententiae
822 5839 913 5895 antea
943 5833 1129 5906 subiiciens,
1152 5849 1233 5910 quos

482 5933 589 5988 tamen
618 5927 788 5989 consulere
818 5935 970 6005 poterunt
1000 5927 1053 5990 ubi
1083 5933 1233 6006 opportu-

1000 562 1193 611 rbxcrxrus
1216 563 1273 609 ssd
1296 559 1509 610 comedebant

1287 697 1365 744 num
1387 697 1458 744 esse
1479 682 1642 745 duxerint.
1675 681 1884 746 Ecclesiastici
1912 681 2035 760 patroni

1287 781 1440 852 poterunt
1460 776 1627 845 assessoris
1660 776 1799 839 cilicium
1822 776 1856 837 in
1879 776 1935 838 hac
1956 775 2036 838 iudi-

1286 867 1410 930 ciorum
1432 867 1531 930 classe
1555 885 1720 932 exercere.

1326 960 1393 1022 Art.
1419 960 1497 1024 Vlll.
1520 961 1638 1024 Omnes
1661 963 1892 1026 ecclesiasticae
1912 979 2034 1033 causae,

1287 1061 1318 1116 θι
1341 1054 1530 1132 praesertim
1555 1055 1823 1127 matrimoniales,
1847 1064 1943 1133 atqua
1961 1045 2037 1118 ¹illae

1286 1161 1367 1223 quae
1389 1148 1565 1225 respiciunt
1593 1148 1706 1220 ildem,
1730 1157 1945 1220 sacramenta,
1971 1165 2037 1211 mo·

1287 1255 1349 1311 res,
1374 1255 1476 1304 sacras
1492 1240 1685 1315 functiones,
1702 1243 1802 1304 officia
1818 1249 1850 1304 et
1864 1243 1933 1305 iura
1949 1259 2037 1305 sacro

1287 1333 1466 1396 ministerio
1481 1336 1613 1407 adnexa,
1631 1341 1699 1398 tum
1716 1352 1872 1414 personae
1889 1346 1958 1400 tum
1974 1353 2038 1400 ma·

1288 1428 1386 1490 leriae
1411 1429 1544 1501 ratione,
1567 1429 1604 1492 ad
1631 1429 1801 1492 tribunalia
1827 1431 2038 1494 ecclesiastica

1287 1523 1460 1599 pertinent.
1482 1521 1715 1589 Verumtamen
1732 1523 1763 1587 S.
1781 1524 1891 1598 Sedes,
1909 1526 2037 1588 attentis

1286 1617 1533 1680 circumstantiis
1549 1625 1580 1678 et
1596 1616 1786 1694 sequereris
1808 1618 1963 1681 Gubernii
1984 1636 2038 1698 pe·

1287 1709 1411 1782 titione,
1438 1711 1519 1772 baud
1543 1711 1678 1790 impedit
1698 1713 1891 1789 quominus3

1328 1802 1369 1865 l⁰.
1393 1803 1512 1866 Causae
1544 1805 1655 1868 civiles
1687 1805 1880 1868 clericorum
1911 1814 1944 1869 et
1965 1806 2037 1869 illae

1286 1911 1367 1973 quae
1400 1897 1750 1976 proprietatem.atque
1781 1900 1967 1977 temporalia
1989 1917 2038 1964 ec·

1286 1990 1457 2054 clesiarum
1479 1991 1560 2063 iura,
1584 1991 1754 2064 beneficia,
1777 1992 1917 2069 aliasque
1939 1993 2038 2056 eccle-

1287 2084 1425 2146 siasticas
1446 2083 1648 2148 lundaliones
1671 2084 1860 2164 respiciunt,
1876 2086 1914 2147 ad
1934 2086 2037 2149 civilia

1288 2177 1458 2242 tribunalia
1479 2177 1686 2256 delerantnr3

1326 2270 1370 2334 2⁰.
1394 2271 1514 2334 Causae
1546 2271 1727 2336 criminales
1749 2274 2037 2338 ecclesiasticorum

1288 2379 1345 2442 pro
1367 2366 1502 2436 delictis,
1520 2380 1601 2442 quae
1617 2367 1654 2428 ad
1671 2367 1864 2444 religionem
1880 2384 1945 2430 non
1968 2383 2038 2446 per-

1288 2459 1401 2530 tinent,
1420 2475 1567 2536 quaeque
1583 2459 1785 2540 Reipublicae
1798 2462 1960 2524 codicibus
1974 2463 2039 2525 ani-

1288 2553 1547 2626 madvertuntur,
1564 2554 1600 2616 ad
1624 2553 1778 2616 laicorum
1801 2557 1971 2618 tribunalia
1986 2558 2040 2619 de·

1287 2645 1444 2709 iurantur.
1469 2645 1589 2710 Verum
1614 2648 1647 2710 iu
1677 2649 1801 2711 iudiciis
1823 2651 1982 2712 secundae
2008 2659 2040 2713 et

1288 2739 1401 2802 tertiae
1423 2741 1611 2813 instantiae,
1635 2742 1667 2803 in
1686 2744 1877 2821 respectivis
1899 2745 2039 2806 tribuna-

1288 2831 1371 2894 libus
1393 2834 1456 2895 duo
1479 2833 1679 2898 ecclesiastici
1696 2836 1768 2908 riri,
1786 2843 1822 2898 ut
1843 2837 2037 2910 conindices,

1288 2933 1385 2987 erunt
1407 2927 1538 2988 omnino
1560 2927 1760 3001 admittendi,
1785 2944 1865 3006 quos
1887 2932 2039 3008 respecti-

1289 3033 1347 3079 rns
1378 3017 1565 3082 Ordinarius
1601 3023 1772 3098 postremis
1808 3024 2038 3102 cuiuscumque

1288 3113 1362 3173 anni
1384 3113 1496 3175 diebus
1519 3115 1707 3176 nominabit.
1738 3115 1819 3179 ilaec
1841 3103 1954 3179 iudicia
1981 3120 2036 3180 mi-

1288 3206 1375 3268 nime
1408 3206 1532 3284 publica
1555 3214 1670 3280 erunt,
1695 3215 1727 3270 et
1748 3211 1945 3287 respectivae
1968 3227 2039 3273 sen-

1288 3301 1405 3362 tentiae
1428 3315 1564 3378 poenam
1585 3302 1715 3379 capitis,
1747 3318 1803 3364 sen
1837 3319 1971 3381 poenam
1995 3305 2038 3366 al-

1287 3393 1437 3456 ilictivam
1460 3401 1514 3456 aut
1535 3393 1716 3467 inlamiam,
1746 3394 1946 3470 inserentes,
1973 3415 2037 3460 non

1288 3495 1385 3550 erunt
1413 3489 1642 3565 exequendae,
1676 3490 1754 3566 quin
1778 3491 1866 3569 prius
1888 3506 2038 3569 suprema

1288 3582 1473 3660 approbatio
1485 3581 1689 3660 Reipublicae
1704 3583 1857 3646 Praesidis
1873 3584 1971 3646 luerit
1985 3585 2039 3648 ob·

1288 3683 1393 3747 tenta,
1417 3683 1512 3752 atque
1540 3677 1688 3756 proprius
1710 3677 1866 3754 caiusque
1893 3677 2038 3742 ecclesia·

1288 3769 1358 3831 stici
1380 3769 1441 3829 viri
1464 3769 1638 3847 Episcopus
1660 3786 1696 3831 ea
1718 3770 1958 3848 quamprimum
1987 3772 2038 3834 ab·

1287 3862 1438 3935 solverit,
1463 3877 1545 3940 quae
1566 3864 1646 3926 sacri
1668 3879 1805 3926 canones
1826 3863 1859 3926 in
1882 3865 1967 3928 bisce
1992 3883 2039 3929 ca-

1288 3957 1375 4018 sibus
1392 3955 1624 4035 praescribnnt.
1648 3956 1812 4020 Sententia
1828 3959 2039 4022 damnationis

1288 4051 1324 4112 ad
1342 4066 1438 4127 opera
1453 4049 1577 4128 publica
1600 4051 1633 4112 in
1654 4051 1853 4114 sacerdotem
1874 4068 2038 4131 nunquam

1288 4144 1366 4206 lerri
1389 4144 1519 4222 poterit.
1544 4145 1577 4206 ln
1600 4146 1879 4223 reprehendendis
1909 4154 1941 4209 et
1961 4148 2039 4209 deti-

1288 4238 1403 4300 nendis
1435 4237 1655 4302 ecclesiasticis
1687 4239 1708 4300 ii
1739 4247 1837 4302 erunt
1867 4241 2037 4304 adhibendi

1289 4331 1387 4402 modi,
1404 4346 1485 4409 quos
1501 4348 1615 4394 eornm
1631 4332 1795 4396 character
1809 4335 1921 4412 exigit,
1938 4342 1970 4396 et
1984 4334 2039 4398 Or-

1289 4425 1431 4488 dinarius
1454 4427 1653 4504 respectirus
1687 4427 1743 4490 liac
1766 4429 1805 4492 de
1827 4444 1862 4488 re
1885 4429 1972 4490 nulla
1994 4429 2039 4491 in-

1290 4519 1420 4581 teriecta
1443 4535 1532 4580 mora
1555 4519 1616 4582 erit
1637 4522 1830 4582 monendus.

1328 4609 1371 4674 30.
1398 4611 1517 4674 Causae
1549 4611 1730 4676 criminales
1764 4621 1873 4676 contra
1904 4615 2039 4677 vicarios

1288 4705 1487 4784 capitulares,
1512 4704 1741 4768 ecclesiasticos
1763 4707 1959 4769 dioecesium
1983 4724 2040 4784 gu-

1289 4798 1489 4870 bernatores,
1507 4798 1641 4860 vicarios
1658 4799 1837 4876 generales,
1855 4800 2038 4877 dignitates,

1289 4892 1469 4964 canonicos,
1492 4892 1617 4969 aliaque
1642 4892 1855 4969 capitulorum
1882 4895 2038 4966 membra,

1289 4987 1325 5048 ad
1349 4986 1517 5048 tribunalia
1540 4986 1705 5063 superiora
1728 4987 1926 5060 deierantur,
1944 4989 2038 5052 etiam

1289 5096 1362 5142 cum
1384 5081 1490 5157 agitur·
1511 5081 1551 5142 de
1573 5079 1718 5153 delictis,
1742 5096 1823 5157 qnae
1845 5081 2040 5146 subiicienda

1289 5173 1398 5238 iorent
1418 5175 1540 5237 iuratis.

1329 5269 1363 5329 ln
1387 5269 1482 5330 liuius
1500 5266 1623 5330 articuli
1640 5268 1850 5346 dispositione
1865 5269 2040 5334 excludun-

1290 5370 1342 5425 tnr
1374 5379 1486 5426 causae
1510 5363 1649 5425 maiores
1671 5363 1925 5442 Episcoporum,
1959 5379 2040 5441 quae

1289 5457 1488 5536 apostolicae
1521 5456 1595 5519 Sedi
1626 5473 1660 5518 ac
1690 5457 1912 5534 superioribus
1941 5458 2041 5521 eccle·

1289 5549 1420 5614 siaslicis
1437 5549 1648 5612 tribunalibus
1670 5555 1746 5610 sunt
1761 5556 1954 5622 reservatae,
1973 5551 2041 5628 qui-

1289 5644 1349 5706 bus
1371 5645 1410 5706 de
1431 5644 1468 5705 iis
1494 5644 1647 5706 iudicium
1680 5642 1850 5706 terendum
1882 5651 1932 5707 est
1951 5645 2041 5708 iuxta

1291 5737 1322 5802 S.
1346 5737 1478 5801 Concilii
1498 5737 1677 5800 Tridentini
1701 5739 1905 5818 praescripta,
1928 5740 2041 5801 sessio·

1290 5849 1331 5895 ne
1358 5829 1467 5904 xxiv,
1497 5831 1572 5910 Cap.
1596 5830 1634 5894 V.
1666 5833 1699 5894 ln
1729 5832 1879 5894 omnibus
1905 5832 2039 5905 iudiciis,

1290 5940 1371 6004 qnae
1396 5925 1433 5987 ad
1459 5925 1687 5990 ecclesiasticos
1719 5926 1883 6003 pertinent
1909 5927 2039 5998 iudices,
