4814 6998
840 608 1030 658 TRAGTATUS
1051 611 1108 658 eleb
1130 608 1344 658 CONCORDATA

352 729 421 806 56.
446 727 599 795 Volentes
622 747 707 792 nnnc
729 732 764 794 ad
788 731 931 809 quinque
953 747 1063 808 supra·

313 825 469 886 dictarum
502 825 696 887 dioecesium
731 825 1062 903 circumscriptionem

314 919 500 995 procedere,
524 928 570 990 ut,
594 919 750 980 distinctis
771 918 969 995 singularum
995 919 1063 980 ilui-

315 1012 383 1082 bus,
400 1012 487 1074 nulla
509 1013 652 1088 quaestio
674 1012 759 1074 inter
780 1013 977 1088 33333311333
993 1012 1064 1089 Epi·

312 1122 423 1182 scopos
459 1105 539 1168 circa
572 1105 801 1168 ecclesiasticae
838 1105 1064 1166 iurisdictionis

314 1199 504 1260 exercitium
529 1214 691 1276 exurgere
715 1199 830 1276 possit,
855 1199 981 1276 praevia
1004 1198 1065 1260 313-

314 1292 550 1354 membratione
572 1292 654 1353 inira
678 1293 949 1354 nominandorum
983 1292 1065 1354 loco-

314 1401 388 1447 rum
411 1403 426 1446 a
449 1386 649 1449 dioecesibus
671 1393 703 1446 et
733 1385 886 1456 ecclesiis,
911 1385 1065 1462 aquibus

315 1489 385 1544 actu
409 1481 603 1558 dependent,
621 1481 660 1542 de
682 1480 777 1541 simili
800 1480 990 1559 apostolicae
1013 1495 1066 1556 po-

317 1576 437 1637 testatis
448 1575 659 1654 plenitudine,
672 1575 838 1658 sequeutia
850 1575 1064 1645 decernimus,

317 1669 563 1748 praescribimus
579 1675 612 1730 et
625 1667 866 1730 constituimus:
887 1668 1066 1744 1131333311-

317 1769 387 1824 tana
409 1761 636 1839 Friburgensis
658 1762 789 1824 ecclesia
805 1778 863 1840 pro
878 1763 1067 1824 dioecesano

317 1871 375 1917 suo
399 1855 562 1917 territorio
584 1855 713 1916 habebit
742 1863 887 1917 cunctam
911 1855 1064 1918 ditionem

318 1949 421 2026 Magni
438 1949 574 2010 Ducatus
590 1949 751 2020 Badeusis,
770 1965 887 2028 nempe
907 1951 1066 2026 paroecias

317 2043 400 2104 intra
415 2043 533 2106 limites
548 2042 682 2125 huiusce
696 2042 834 2104 Ducatus
846 2043 973 2121 positas,
986 2057 1067 2118 quae

318 2138 432 2214 33311333
461 2137 498 2199 33
520 2136 810 2208 constantiensem,
834 2136 949 2213 partim
971 2135 1066 2196 etiam

318 2230 354 2291 ad
382 2230 670 2310 Argentinensem,
696 2229 900 2308 spirensem,
924 2229 1067 2290 Werrna-

319 2323 466 2394 tiensem,
496 2323 774 2401 llerbipolensern,
798 2322 1012 2384 Basileensem
1036 2333 1069 2384 et

318 2416 583 2479 Ratisboueusem
616 2417 779 2480 dioeceses
808 2417 859 2479 vel
892 2417 1066 2493 pertinent,

318 2511 370 2573 331
392 2512 453 2572 iam
478 2511 698 2589 pertinebant3
721 2510 796 2572 alias
825 2511 1066 2589 quatuordecim

318 2605 476 2683 paroecias
498 2620 571 2666 cum
594 2621 649 2666 sua
672 2605 759 2667 1111311
783 2606 897 2684 3331133
918 2606 951 2666 13
980 2605 1068 2665 Prin·

318 2697 883 2776 31331311313333311333-113313133333
899 2700 934 2760 ad
949 2698 1069 2777 praeia-

320 2799 383 2854 tem
412 2792 583 2854 dioecesim
607 2791 884 2854 constantiensem
907 2795 1068 2870 pertinen-

319 2893 379 2959 tes,
403 2902 462 2948 uec
483 2901 548 2947 non
570 2885 838 2962 vigintiquatuor
860 2887 1020 2964 paroecias
1036 2889 1068 2950 iu

319 2981 500 3060 Principatu
509 2979 991 3058 llehenzollern-Sigmaringen
1005 2982 1069 3042 exi-

320 3081 442 3138 stentes
465 3074 570 3136 eidem
594 3073 830 3135 constantiensi
846 3074 983 3136 dioecesi
999 3092 1069 3154 spe-

320 3177 451 3240 ctantes,
475 3175 571 3246 atque
593 3169 727 3244 insuper
756 3167 932 3229 octodecim
960 3185 1069 3246 paroe-

319 3263 381 3324 cias
404 3262 574 3324 decanatus
597 3260 773 3336 veringen,
790 3279 824 3322 ac
848 3262 1007 3338 paroecias
1023 3278 1069 3324 se-

319 3355 512 3434 ptemdecim
536 3355 705 3418 decanatus
728 3355 919 3432 llacbigerlo
938 3357 970 3418 in
987 3359 1070 3420 dicto

320 3449 395 3510 sitas
417 3449 598 3527 Principale
622 3457 654 3512 et
675 3449 710 3510 ad
735 3450 926 3526 praedictam
947 3452 1070 3514 313333-

320 3541 379 3604 sim
403 3543 613 3622 pertinentes.

360 3637 379 3712 §
400 3635 429 3698 l.
448 3635 643 3716 Episcopalis
664 3636 795 3698 ecclesia
811 3636 996 3714 lloguntina
1012 3654 1070 3715 pro

207 3725 221 3742 ”
321 3744 380 3791 suo
402 3730 566 3792 territorio
589 3729 777 3792 dioecesano
794 3731 923 3792 habebit
941 3730 1070 3793 univer-

322 3840 389 3884 sam
422 3823 577 3886 ditionem
607 3823 712 3901 Magni
744 3823 880 3886 Dncatns
912 3825 1068 3898 llassiaci,

322 3933 439 3995 nempe
462 3919 620 3996 paroecias
644 3933 755 3978 omnes
778 3918 914 3980 dioecesi
938 3919 1070 3997 Mcgun-

322 4013 405 4074 tiuae
427 4011 566 4089 reliquas
590 4018 661 4090 post
675 4011 907 4090 separationem
926 4013 1070 4077 locorum

322 4107 381 4168 sub
410 4105 531 4168 ditione
561 4104 708 4166 Baxarica
741 4106 965 4180 existentium,
1000 4107 1070 4169 alia-

321 4215 385 4278 que
407 4200 474 4262 loca
496 4207 529 4262 et
551 4201 710 4278 paroecias
733 4215 772 4260 ex
794 4198 1015 4263 Ratisbonensi
1038 4217 1071 4262 33

322 4293 548 4356 wormatiensi
564 4293 773 4364 dioecesibus,
788 4309 846 4354 nec
865 4310 927 4355 non
945 4295 1070 4358 unicam

323 4387 499 4466 paroeciam
523 4387 582 4450 loci
606 4385 776 4448 llerhstein
792 4403 831 4448 ex
847 4388 984 4450 dioecesi
1000 4389 1072 4450 Ful-

322 4483 413 4543 densi
435 4481 471 4544 33
493 4481 641 4558 Magnum
655 4481 808 4543 Ducatum
826 4483 1023 4560 praedictum
1038 4483 1071 4544 in

325 4574 555 4654 temporalibus
578 4574 789 4653 pertinentes,
804 4593 837 4636 33
860 4575 999 4654 denique
1022 4592 1072 4654 pa-

323 4671 444 4732 roecias
466 4669 497 4730 in
521 4669 598 4731 locis
620 4667 811 4740 Darmstadt,
834 4667 942 4732 Giessa
970 4677 1002 4731 et
1022 4667 1071 4732 01-

322 4763 457 4826 leubach
480 4763 624 4825 eiusdem
649 4763 753 4840 llagni
775 4763 1070 4834 DucatnsHassiaci,

322 4859 366 4922 ita
387 4865 494 4920 tamen
515 4863 552 4918 ut
573 4875 589 4918 a
611 4858 716 4936 primo
738 4856 848 4919 tuturo
871 4857 1027 4936 Episcopo
1039 4857 1071 4918 in

323 4950 412 5023 locis,
436 4965 517 5027 quae
540 4951 677 5012 maxima
704 4953 736 5010 in
759 4958 848 5026 parte
879 4949 1074 5012 3113331133-

326 5043 651 5114 1131313133131133133,
674 5059 776 5106 novae
805 5043 1000 5121 parochiales
1023 5060 1071 5105 ec-

323 5137 438 5200 clesiae
460 5153 518 5216 pro
540 5137 701 5200 catholicis
723 5136 912 5208 tundentur,
928 5136 953 5198 si
969 5137 1072 5215 133113

323 5246 441 5308 magno
452 5231 516 5294 sint
527 5245 676 5300 numero,
690 5230 717 5290 si
728 5245 807 5291 vero
820 5231 950 5307 exiguo,
964 5246 1072 5308 paroe-

324 5324 379 5386 ciis
403 5324 566 5386 catholicis
588 5323 797 5385 vicinioribus
815 5324 1046 5386 adscribantur.

363 5420 382 5493 5
402 5417 432 5480 8.
457 5417 594 5481 Ecclesia
617 5417 802 5496 episcopalis
824 5419 993 5481 Fuldensis
1016 5434 1072 5494 pro

324 5528 383 5574 suo
405 5513 594 5574 dioecesano
624 5513 788 5576 territorio
820 5513 948 5576 habebit
969 5519 1072 5574 totum

324 5605 534 5669 electoratum
551 5606 687 5678 Hassiae,
702 5606 852 5668 videlicet
866 5606 1075 5684 quadraginta

325 5701 483 5778 paroecias
499 5709 569 5764 actu
585 5702 616 5764 in
633 5702 698 5780 ipsa
712 5701 849 5762 dioecesi
863 5700 1075 5778 comprehen-

324 5811 384 5866 sas,
413 5795 572 5873 paroecias
599 5794 714 5872 viginti
746 5810 785 5856 ex
807 5795 934 5870 antiqua
957 5801 1075 5856 metro-

326 5888 464 5966 politana
486 5889 624 5952 dioecesi
647 5888 724 5951 olim
747 5888 943 5966 blegnntiua,
968 5896 1076 5966 postea

328 5981 564 6056 Ratishonensi,
587 5991 682 6060 atque
707 5999 803 6044 unam
833 5983 865 6044 in
888 5980 1076 6044 1333113111-

432 6134 491 6174 1111·-
507 6133 583 6174 Porti.
599 6135 631 6174 113
646 6135 726 6184 Prepa.
743 6133 804 6175 Fide
820 6130 903 6174 Partis
920 6133 937 6172 l.
954 6130 1006 6173 t'ol.
1024 6131 1074 6172 Vll.
1145 6133 1147 6138 “

1792 593 1852 659 289

1119 746 1246 792 mersen
1262 746 1302 791 ex
1317 731 1454 793 dioecesi
1473 731 1713 804 Paterbonensi,
1732 731 1870 809 demptis

1119 821 1181 884 illis
1216 825 1433 900 paroeciarum
1471 826 1689 897 fractionibus,
1723 841 1805 902 quae
1836 825 1870 886 iu

1120 917 1269 978 Bavarico
1291 933 1395 993 regno
1415 920 1591 982 existentes
1621 919 1871 998 proximioribus

1120 1010 1187 1072 31113
1211 1011 1364 1087 333333113
1388 1013 1583 1074 dioecesium
1606 1013 1700 1090 regni
1723 1012 1871 1074 bavariae

1120 1113 1174 1166 aut
1195 1104 1256 1164 iam
1279 1105 1450 1183 applicatae
1473 1106 1617 1178 luerunt,
1641 1116 1694 1169 aut
1715 1107 1806 1168 brevi
1830 1122 1869 1168 ex

1120 1198 1289 1275 apostolica
1312 1199 1515 1276 delegatione
1537 1200 1792 1278 applicabuntur.
1818 1200 1870 1260 Pa-

1122 1292 1300 1354 roeciarum
1318 1300 1424 1354 autem
1441 1302 1625 1356 exterarum
1643 1293 1824 1366 fractiones
1838 1294 1871 1355 in

1122 1387 1259 1448 dictione
1288 1386 1429 1448 Hassiaca
1461 1389 1657 1460 existentes,
1682 1387 1872 1466 proximiori

1122 1480 1214 1542 alicui
1247 1481 1401 1542 dioecesis
1422 1480 1591 1542 Fuldensis
1623 1481 1786 1560 paroeciae
1818 1480 1869 1541 vel

1123 1575 1275 1652 paroeciis
1299 1584 1394 1636 erunt
1408 1575 1620 1654 applicandae.
1645 1574 1758 1636 Eidem
1774 1574 1872 1636 iuter-

1124 1685 1158 1729 ea
1186 1667 1337 1730 Fuldensi
1370 1669 1507 1730 dioecesi
1529 1669 1634 1730 unitas
1656 1668 1871 1746 relinquimus

1123 1777 1240 1823 novem
1263 1762 1421 1839 paroecias
1443 1763 1476 1824 in
1499 1763 1611 1840 Magno
1634 1763 1753 1824 bacato
1776 1759 1872 1824 Saxo·

1124 1855 1194 1917 uico
1216 1855 1438 1918 Weimariensi
1460 1856 1546 1927 31133,
1572 1857 1610 1918 33
1632 1854 1748 1933 quibus
1766 1854 1871 1930 aliter,

1124 1949 1149 2010 si
1172 1965 1251 2026 opus
1267 1949 1375 2020 luerit,
1393 1949 1579 2027 disponendi
1595 1949 1687 2011 uobis
1706 1955 1738 2010 et
1761 1949 1873 2010 Roma-

1124 2044 1173 2103 nis
1203 2042 1408 2104 Pontificibus
1430 2043 1668 2106 successoribus
1686 2044 1809 2106 nestris
1830 2043 1872 2104 13-

1123 2135 1274 2198 cultatem
1298 2135 1400 2198 libere
1422 2151 1638 2198 reservamus.

1163 2233 1181 2305 g
1203 2229 1232 2291 9.
1254 2229 1544 2307 llottenbnrgensis
1566 2231 1751 2308 episcopalis
1774 2231 1873 2294 eccle-

1123 2325 1165 2386 313
1190 2340 1246 2402 333
1268 2340 1326 2384 333
1349 2324 1513 2386 1333113313
1535 2325 1724 2402 3133333333
1744 2326 1873 2389 habebit

1124 2418 1288 2495 integrum
1316 2433 1454 2494 regnum
1477 2417 1778 2496 wirtembergeuse
1799 2435 1870 2482 curn

1125 2513 1278 2590 paroeciis
1294 2511 1454 2583 omnibus,
1471 2527 1551 2588 quae
1568 2513 1630 2574 iam
1646 2510 1684 2575 ab
1703 2513 1873 2575 333333311-

1124 2607 1238 2668 lesimo
1263 2605 1531 2682 octingentesimo
1563 2607 1687 2668 decimo
1716 2613 1807 2670 sexto
1835 2607 1873 2668 ab

1124 2699 1320 2776 huguetana,
1338 2698 1492 2776 Spirensi,
1507 2699 1734 2762 Worrnatiensi
1749 2706 1782 2762 et
1796 2700 1873 2761 1133-

1125 2793 1280 2871 bipelensi
1311 2793 1512 2855 dioecesibus
1539 2794 1673 2856 luerunt
1692 2801 1870 2871 separatae,

1125 2904 1181 2949 nec
1204 2905 1268 2949 non
1292 2888 1445 2964 paroeciis
1460 2890 1495 2950 ad
1513 2903 1717 2966 suppressam
1741 2904 1872 2966 praepo-

1123 2984 1257 3044 situram
1274 2981 1305 3044 S.
1321 2981 1384 3044 Viti
1400 2982 1583 3045 Elvacensis
1605 2980 1728 3044 nullius
1750 2983 1874 3045 dioece-

1123 3076 1166 3138 sis
1187 3085 1278 3138 antea
1301 3077 1546 3154 pertinentibus.

1164 3171 1182 3247 ἓ
1207 3167 1253 3231 10.
1277 3169 1470 3247 cpiscopalis
1492 3170 1623 3231 demum
1643 3169 1776 3232 33313313
1790 3168 1873 3231 Lim·

1125 3264 1293 3340 burgensis
1307 3280 1365 3342 pro
1376 3265 1562 3325 dioecesano
1575 3280 1633 3325 suo
1646 3264 1810 3326 territorio
1821 3262 1874 3326 ha·

1125 3357 1212 3419 bebit
1233 3365 1337 3419 1313333
1361 3357 1509 3418 ducatum
1525 3355 1743 3428 Nassovicum,
1761 3358 1794 3419 in
1809 3373 1874 3435 quo

1124 3451 1445 3528 comprehenduntur
1467 3452 1697 3528 quinquaginta
1720 3459 1791 3514 octo
1823 3469 1874 3530 pa-

1125 3545 1249 3606 roeciae
1270 3545 1306 3604 ad
1339 3544 1500 3620 antiquam
1532 3543 1808 3616 llatisbonensem,
1842 3551 1875 3606 et

1125 3638 1288 3716 paroeciae
1311 3637 1541 3714 quinquaginta
1562 3637 1643 3698 duae
1658 3638 1694 3699 ad
1711 3637 1872 3714 antiquam

1125 3731 1354 3794 Trevirensem
1377 3731 1452 3793 olim
1476 3731 1636 3794 dioeceses
1655 3730 1873 3809 metropolita-

1125 3842 1180 3886 nas
1203 3833 1391 3904 spectantes,
1416 3839 1562 3886 necnon
1591 3825 1705 3902 viginti
1735 3830 1873 3901 quatuor

1126 3917 1289 3995 paroeciae
1305 3919 1337 3977 in
1354 3917 1516 3995 provincia
1531 3916 1720 3994 Dillenburg
1731 3923 1763 3978 et
1777 3915 1875 3978 Weil·

1127 4013 1208 4088 burg
1231 4012 1418 4082 existentes,
1445 4029 1479 4073 ac
1512 4012 1642 4089 insuper
1673 4011 1874 4074 territorium

1125 4105 1245 4168 liberae
1273 4105 1407 4167 civitatis
1440 4105 1725 4176 Francoiurtensis,
1749 4106 1782 4167 in
1811 4119 1875 4182 quo

1124 4216 1198 4260 cum
1220 4199 1323 4261 tribus
1343 4197 1468 4260 dliabus
1482 4201 1574 4261 unica
1592 4199 1700 4260 existit
1715 4198 1875 4276 parochia-

1124 4292 1162 4354 lis
1185 4292 1316 4354 ecclesia
1347 4292 1417 4353 sub.
1438 4293 1639 4355 invocatione
1661 4290 1692 4353 S.
1710 4291 1875 4354 Bartholo-

1128 4387 1207 4447 maei
1230 4384 1385 4464 Apostoli,
1409 4385 1446 4448 ad
1469 4401 1564 4462 quam
1587 4383 1740 4447 catholici
1762 4400 1874 4447 omnes

1125 4482 1226 4542 dictae
1261 4481 1393 4543 civitatis
1429 4497 1462 4541 ac
1500 4480 1653 4542 territorii
1690 4479 1873 4557 pertinent,

1125 4590 1272 4652 quaeque
1295 4591 1311 4635 3
1333 4573 1511 4652 3333331313
1542 4573 1763 4634 Ratisbonensi
1790 4571 1875 4634 dioc·

1125 4669 1190 4731 cesi
1212 4667 1381 4747 pendebat.
1539 4733 1541 4738 ,

1166 4763 1184 4836 5
1208 4762 1254 4823 11.
1273 4759 1473 4840 supradictas
1488 4761 1606 4822 1331333
1621 4759 1764 4822 civitates
1781 4765 1813 4820 et
1828 4774 1879 4820 ec-

1125 4855 1237 4918 clesias
1259 4855 1291 4916 in
1313 4853 1613 4932 archiepiscopalem
1634 4861 1666 4916 et
1682 4853 1877 4931 episcopales

1126 4955 1246 5012 erectas
1269 4963 1341 5011 cum
1365 4947 1532 5026 praedictis
1554 4947 1631 5010 locis
1660 4955 1692 5009 31
1722 4947 1876 5025 paroeciis

1127 5045 1271 5120 quinque
1293 5041 1569 5120 supranumeratis
1592 5042 1732 5104 ecclesiis
1754 5058 1812 5120 pro
1828 5056 1878 5104 re-

1126 5139 1269 5216 spective
1291 5139 1479 5200 dioecesano
1506 5136 1669 5198 territorio
1701 5136 1875 5206 attributis,

1126 5232 1258 5294 illorum
1280 5231 1398 5293 incolas
1420 5229 1590 5307 utriusque
1605 5245 1713 5302 sexus,
1731 5236 1794 5296 1333
1814 5229 1876 5291 313-

1127 5325 1208 5386 31333
1230 5339 1324 5401 quarn
1347 5323 1453 5395 131333,
1487 5339 1545 5401 333
1576 5323 1717 5384 3133331
1745 5322 1875 5401 populo,

1129 5426 1285 5496 perpetuo
1320 5418 1518 5494 assignamus
1550 5425 1582 5480 et
1614 5415 1785 5479 cuiuslibet
1814 5416 1877 5478 hu-

1129 5511 1236 5574 tislitis
1265 5509 1475 5573 iurisdictioni
1505 5509 1662 5588 spirituali
1692 5509 1878 5572 omnimode

1128 5605 1331 5678 subiicimus,
1362 5607 1402 5668 ita
1422 5614 1467 5667 ut
1496 5605 1642 5683 personis
1671 5604 1758 5666 iuxta
1787 5619 1877 5666 cano-

1129 5701 1213 5762 nicas
1235 5701 1414 5762 sanctiones
1436 5698 1541 5775 dignis
1564 5704 1596 5759 et
1617 5697 1741 5759 idoneis
1760 5697 1796 5758 ad
1813 5713 1878 5758 eas-

1129 5795 1202 5856 dem
1232 5793 1533 5872 archiepiscopalem
1560 5798 1592 5853 et
1614 5791 1807 5870 episcopales
1830 5809 1881 5852 33-

1130 5887 1241 5949 clesias
1263 5887 1422 5963 regendas
1445 5893 1507 5948 tam
1529 5901 1588 5963 pro
1608 5885 1664 5947 1333
1680 5885 1781 5963 prima
1797 5886 1878 5955 vice,

1132 5997 1226 6058 quam
1252 5979 1369 6042 tuturis
1393 5979 1602 6058 temporibus,
1632 5980 1801 6058 apostolice
1829 5997 1881 6040 an-

1747 6129 1772 6169 37
