4814 6998
328 578 379 634 lin.
392 578 421 635 G.
437 578 504 636 l869
559 577 619 641 ²62

580 716 649 791 52.
672 715 757 791 Quae
783 717 890 778 omnia
911 731 986 778 ven.
1010 715 1109 780 lrater
1135 715 1289 794 Iosephus
1343 716 1500 779 daeorum
1512 715 1642 779 ecclesia
1654 717 1888 779 refloresceret.
1903 715 2015 794 Neque
2027 715 2095 778 eins

541 809 719 871 Patriarcha
745 810 941 889 Babylonem
975 810 1221 880 Chaldaeorum,
1251 809 1288 871 ad
1347 809 1507 872 desiderio
1522 825 1556 872 ac
1571 810 1665 881 votis,
1679 817 1835 887 quantum
1851 810 2006 873 Dominus
2021 826 2095 871 con·

541 916 639 980 quem
654 903 730 966 licta
752 904 904 983 praedicti
923 904 1114 975 consistorii,
1131 919 1194 966 una
1215 919 1288 965 cum
1347 903 1489 974 cesserit,
1513 919 1655 982 unquam
1684 904 1865 976 deerimus;
1890 916 1996 981 neque
2023 919 2095 982 ope-

541 1003 716 1060 memorata
740 998 969 1061 constitutione
992 1015 1008 1059 a
1029 996 1290 1075 Gongrcgatione
1347 1011 1416 1058 ram
1438 1003 1591 1069 nostram,
1618 997 1703 1074 quod
1735 1002 1768 1058 et
1793 996 1884 1059 nobis
1907 1003 1939 1059 et
1966 997 2096 1075 praede·

1060 595 1126 640 run.
1150 595 1241 642 conr.
1266 596 1306 640 bu
1328 596 1357 640 r.
1382 595 1411 640 r.
1437 595 1519 641 rnna
1542 597 1563 642 1.
2133 579 2296 640 hnhlbdtl

541 1097 649 1152 nostra
678 1089 717 1151 de
739 1090 942 1169 Propaganda
964 1090 1040 1152 Fide
1070 1105 1127 1168 pro
1150 1090 1290 1167 negotiis

478 1205 481 1210 ·
540 1183 620 1246 ritus
640 1183 804 1246 orientalis
825 1183 952 1246 lucrant
975 1185 1169 1255 transmissa,
1201 1185 1290 1246 omui

541 1276 696 1353 obsequio
720 1277 856 1355 excepit.
880 1278 962 1340 dum
985 1279 1071 1340 enim
1101 1279 1290 1356 posthabitis

540 1369 716 1448 longaevae
737 1371 847 1433 aetatis
870 1388 903 1432 ac
925 1370 1131 1434 difficillimae
1146 1373 1291 1450 regionis

540 1464 763 1538 incommodis,
781 1465 814 1527 in
828 1465 1048 1528 Gurdistaniae
1065 1472 1192 1529 montes
1214 1474 1292 1529 tunc

540 1559 744 1630 divertisset,
779 1566 815 1621 ιιι
842 1558 1041 1621 Nestorianis
1069 1559 1102 1621 in
1131 1559 1291 1622 Ecclesiae

540 1653 647 1716 sinum
670 1653 859 1716 revocandis
887 1654 1023 1716 alacrem
1053 1661 1148 1731 atque
1176 1654 1291 1716 utilem

541 1763 599 1826 pro
621 1764 680 1811 sno
702 1762 794 1810 more
816 1764 945 1827 operam
969 1747 1183 1826 impenderet,
1204 1765 1291 1810 man-

540 1841 627 1904 davit
647 1857 722 1904 ven.
739 1841 779 1903 lr.
798 1842 885 1904 Eliae
900 1841 1057 1920 Episcopo
1072 1843 1177 1904 hkrae
1200 1841 1292 1906 Chal-

540 1935 715 2008 daeorum,
752 1952 850 2013 quem
886 1937 922 1998 ad
959 1935 1040 1998 hanc
1075 1935 1288 2015 Apostolicam

540 2027 657 2092 Sedent
670 2029 843 2106 allegatum
857 2029 1058 2092 solemnibus
1073 2030 1291 2093 saecularibus

540 2121 596 2186 SS.
613 2123 844 2201 Apostolorum
867 2123 952 2187 Petri
981 2130 1014 2185 et
1041 2123 1129 2186 Pauli
1154 2125 1292 2186 iusserat

539 2233 598 2279 suo
621 2217 753 2279 nomine
779 2234 813 2279 ac
835 2218 905 2278 vice
933 2218 1111 2290 interesse,
1135 2225 1171 2280 ut
1198 2218 1291 2281 nobis

539 2317 733 2388 nostraeque
759 2311 821 2372 iam
845 2319 1040 2376 memoratae
1062 2311 1292 2390 Gongrcgatio·

539 2404 572 2466 ni
593 2403 799 2482 signiticaret,
816 2421 851 2466 se
874 2405 1064 2468 obedienter
1079 2405 1291 2484 alacriterque

539 2505 751 2577 excepturum
774 2499 929 2576 quidquid
953 2515 1010 2578 pro
1034 2497 1221 2562 chaldaicae
1243 2517 1292 2563 ec-

538 2592 654 2655 clesiae
679 2592 765 2654 bono
790 2593 883 2654 nohis
911 2593 1175 2656 constituendum
1205 2594 1292 2656 vide·

539 2693 647 2748 retur:
667 2687 752 2764 quod
767 2687 805 2748 ab
821 2687 936 2750 eodem
952 2687 1110 2765 Episcopo
1126 2695 1158 2750 et
1173 2689 1291 2766 scripto

539 2787 572 2843 et
582 2795 662 2844 voce
677 2779 866 2843 factumest.
880 2781 1051 2859 Postquam
1064 2797 1143 2844 vero
1156 2783 1188 2844 in
1200 2799 1291 2844 suam

539 2875 702 2938 civitatem
724 2891 759 2936 ac
780 2875 889 2937 sedem
914 2874 1090 2938 blansilien.
1107 2893 1165 2938 seu
1189 2877 1292 2940 blosu-

541 2971 642 3032 lanam
676 2985 830 3031 reversus
863 2969 942 3042 luit,
973 2970 1052 3032 datis
1080 2971 1117 3032 ad
1144 2971 1288 3034 camdem

538 3063 833 3142 Congregationem
862 3063 979 3126 litteris
1008 3064 1111 3143 pridie
1139 3065 1291 3127 kalendas

539 3159 667 3235 angusti
682 3159 860 3236 superioris
876 3159 962 3230 anni,
979 3168 1089 3238 aperte
1105 3159 1289 3232 declaravit,

537 3269 572 3315 se
594 3253 698 3330 quoad
721 3260 821 3314 certas
840 3253 979 3330 regulas
1004 3253 1036 3314 in
1058 3253 1290 3333 Episcoporum

539 3346 699 3411 electione
710 3347 960 3420 constituendas,
973 3347 1108 3410 minime
1120 3349 1292 3412 dissentire

539 3459 555 3503 a
577 3441 744 3505 voluntate
773 3447 898 3514 nostra,
923 3457 1018 3519 quam
1041 3443 1130 3504 omni
1157 3457 1292 3506 venera-

539 3536 627 3600 tione
649 3543 682 3598 et
702 3535 884 3598 obedientia
912 3536 1132 3614 excipiendam
1163 3537 1292 3614 prolite-

539 3631 650 3707 batur;
681 3631 758 3708 quin
787 3630 888 3692 immo
918 3638 1045 3709 optare,
1076 3639 1112 3694 ιιι
1140 3647 1222 3710 quae
1254 3633 1291 3695 ad

537 3723 734 3788 Orientalem
757 3725 923 3804 pertinent
944 3724 1130 3798 Ecclesiam,
1147 3733 1237 3788 recto
1259 3727 1291 3789 ln

538 3820 689 3882 omnibus
705 3819 819 3882 ordine
834 3819 993 3890 instituto,
1008 3817 1242 3894 relormentur3
1260 3827 1293 3883 et

538 3913 575 3976 ad
599 3912 685 3976 hunc
706 3913 805 3974 linem
822 3911 1010 3990 praecipuae
1032 3911 1122 3988 leges
1144 3911 1292 3976 terantur

538 4008 578 4071 de
595 4007 708 4069 ordine
724 4007 816 4077 ritus,
831 4007 871 4068 de
886 4005 996 4068 divino
1012 4005 1126 4078 obicio,
1140 4007 1180 4069 de
1191 4023 1292 4071 sacra-

539 4108 725 4164 mentorum
752 4099 1047 4171 administratione,
1078 4101 1117 4162 de
1140 4102 1291 4164 omnibus

538 4195 671 4258 demum
693 4194 914 4258 ecclesiasticis
937 4194 1087 4271 negotiis.
1103 4192 1290 4273 Obsequen-

1347 1089 1527 1153 oessoribus
1549 1091 1665 1152 nostris
1691 1090 1836 1153 solemne
1865 1106 1996 1170 semper
2018 1090 2093 1162 luit,

1348 1184 1380 1245 in
1412 1191 1497 1246 recta
1528 1183 1738 1247 Orientalium
1774 1183 1980 1248 ecclesiarum
2012 1185 2096 1246 ordi-

1349 1279 1476 1340 natione
1504 1278 1726 1341 constituenda
1754 1293 1896 1355 unquam
1922 1279 2096 1341 desiderari

1348 1372 1517 1449 patiemur.

1388 1466 1406 1540 ἓ
1434 1465 1463 1527 3.
1495 1465 1576 1528 (lum
1605 1465 1712 1544 itaque
1742 1465 1930 1544 episcopalis
1962 1466 2096 1528 ecclesia

1349 1559 1522 1622 ilerdensis
1544 1559 1789 1631 Chaldaeorum,
1808 1573 1865 1637 per
1880 1559 2003 1622 obitum
2019 1574 2094 1622 ven.

1349 1651 1388 1716 lr.
1398 1653 1508 1730 ignatii
1523 1653 1648 1726 liecstu,
1659 1653 1765 1716 ultimi
1778 1653 1923 1716 eiusdem
1936 1653 2095 1732 Episcopi,

1348 1746 1508 1810 vacaverit
1534 1759 1566 1809 et
1596 1754 1685 1810 vacet
1705 1747 1737 1809 in
1764 1763 1932 1824 praesens,
1956 1763 2096 1826 cumque

1348 1841 1507 1919 praelatus
1543 1855 1617 1902 veu.
1652 1841 1691 1902 ir.
1729 1840 1883 1920 Iosephus
1919 1841 2097 1904 Patriaroha

1349 1933 1522 1996 nonnullos
1554 1935 1735 1996 sacerdotes
1766 1950 1847 2012 quos
1879 1933 1925 1996 illl
1958 1935 2096 1998 dioecesi

1348 2028 1575 2105 gubernandae
1596 2028 1730 2091 idoneos
1757 2030 1953 2102 aestimavit,
1977 2033 2024 2096 uti
2046 2049 2097 2095 su·

1348 2123 1455 2201 perius
1467 2122 1605 2184 relatum
1618 2129 1676 2194 est,
1692 2123 1783 2186 nobis
1794 2125 2009 2202 proposuerit,
2027 2142 2096 2189 rem

1347 2214 1532 2278 universam
1561 2216 1807 2293 diligentissime
1837 2219 2094 2297 perpendendam

1348 2309 2094 2376 commisimusvenn.iratribusnostrisS.R.E.

1347 2403 1568 2468 cardinalibus
1582 2403 1849 2481 congregationis
1865 2406 1904 2468 de
1920 2405 2096 2484 Propagan-

1348 2497 1384 2560 da
1407 2497 1483 2560 Fido
1498 2513 1556 2576 pro
1574 2498 1710 2575 negotiis
1727 2498 1807 2560 ritus
1823 2499 1997 2562 orientalis.
2014 2499 2096 2574 Quo-

1348 2609 1421 2654 rum
1443 2592 1548 2655 audita
1569 2592 1748 2664 sententia,
1774 2599 1917 2655 mentem
1939 2594 2097 2656 animum·

1348 2701 1411 2764 que
1434 2691 1580 2748 nostrum
1608 2685 1645 2747 ad
1673 2693 1705 2748 te
1732 2687 1970 2758 convertimus,
1999 2703 2095 2764 quern

1349 2795 1477 2842 morum
1494 2779 1671 2852 honestate,
1689 2781 1869 2858 prudentia,
1883 2781 2097 2844 ecclesiastico
2151 2779 2154 2784 '

1348 2873 1420 2936 zelo
1445 2872 1578 2949 aliisque
1607 2873 1795 2935 necessariis
1823 2874 1951 2937 dotibus
1974 2875 2098 2952 praedi·

1348 2975 1417 3030 tum
1439 2967 1525 3029 idem
1547 2981 1621 3028 ven.
1646 2966 1686 3028 lr.
1710 2967 1889 3030 Patriarcha
1918 2969 2009 3032 nobis
2035 2986 2097 3031 una

1347 3077 1420 3122 curn
1443 3060 1512 3122 aliis
1529 3061 1704 3138 proposuit,
1722 3061 1842 3138 quique
1854 3077 1958 3141 nuper
1972 3071 2097 3141 aposto·

1348 3155 1400 3218 lici
1415 3154 1587 3216 visitatoris
1605 3171 1740 3216 munere
1756 3154 1789 3216 in
1804 3156 1915 3218 eadem
1932 3157 2095 3220 hmldensi

1349 3248 1476 3310 civitate
1496 3247 1634 3310 solerter
1654 3248 1823 3311 defunctus
1845 3247 1942 3312 luisti.
1959 3249 2098 3330 Quapro-

1349 3348 1420 3420 pter
1449 3349 1480 3404 te
1502 3359 1518 3403 a
1542 3342 1710 3419 quibusvis
1736 3343 2095 3418 excommunicationis,

1348 3437 1569 3515 suspensionis
1598 3445 1630 3498 et
1651 3435 1813 3498 interdicti
1835 3435 1969 3514 aliisque
1998 3439 2097 3502 eccle·

1348 3530 1648 3603 siasticiscensuris,
1660 3529 1828 3592 sententiis
1841 3532 2007 3609 etpoenis,
2020 3547 2098 3609 quo·

1349 3624 1396 3686 vis
1412 3623 1508 3687 urodo
1523 3623 1576 3686 vel
1592 3623 1703 3700 quavis
1719 3623 1758 3685 de
1771 3640 1864 3686 causa
1879 3623 1960 3696 latis,
1978 3625 2097 3704 siquas

1348 3717 1432 3780 lorte
1454 3717 1629 3788 incurristi,
1653 3716 1749 3779 huius
1772 3725 1894 3780 tantum
1924 3720 1972 3780 rel
1997 3723 2095 3798 gratia

1348 3812 1553 3875 absolventes
1572 3820 1602 3875 et
1618 3810 1800 3873 absolutum
1823 3811 1892 3873 lore
1913 3822 2095 3886 censentes,

1349 3907 1387 3968 de
1410 3905 1544 3968 oonsilio
1565 3905 1756 3969 eorumdem
1775 3920 1873 3967 venn.
1890 3905 2025 3969 lratrum
2042 3925 2098 3970 no-

1347 4007 1490 4086 strorum
1514 3998 1546 4060 S.
1570 3999 1605 4060 ll.
1630 3997 1665 4060 E.
1687 3998 1916 4070 cardinalium,
1940 3999 2097 4077 praelatae

1347 4091 1518 4172 episcopali
1550 4091 1701 4154 ecelesiae
1737 4091 1893 4154 ilardensi
1925 4092 2098 4156 Chaldaeo-

1348 4203 1420 4250 rum
1452 4185 1623 4262 apostolica
1654 4185 1842 4248 auctoritate
1876 4187 2095 4264 praeficimus,

540 4289 654 4353 tissimi
680 4294 788 4351 autem
814 4288 906 4350 nobis
933 4287 1031 4349 animi
1059 4297 1289 4366 argumentum
1347 4282 1558 4358 eiusdemque
1579 4279 1739 4342 Ecclesiae
1759 4295 1881 4352 curam,
1901 4281 2051 4358 regimen
2066 4294 2098 4346 et

539 4384 696 4455 exhibuit,
715 4381 886 4461 propositis
908 4382 941 4443 in
961 4381 1071 4444 cadem
1089 4383 1221 4461 epistola
1236 4383 1290 4446 ali·
1347 4375 1657 4438 administrationem
1680 4375 1713 4437 ln
1735 4373 1955 4451 spiritualibus
1970 4383 2002 4437 et
2018 4384 2096 4438 tem-

539 4485 618 4556 quot
639 4476 842 4539 sacerdotum
864 4475 914 4537 sul
937 4475 1018 4538 ritus
1041 4477 1237 4549 nominibus,
1255 4487 1291 4542 ut
1347 4470 1510 4549 poralibus
1533 4469 1590 4531 tibi
1613 4467 1755 4546 plenarie
1777 4469 2021 4531 committimus.

539 4587 619 4648 quos
640 4569 806 4647 digniores
828 4577 860 4631 et
882 4569 1040 4632 Ecclesiae
1071 4571 1172 4648 magis
1193 4571 1290 4635 utiles
1386 4567 1405 4641 ὃ
1427 4566 1455 4627 l.
1473 4563 1631 4627 Volumus
1647 4570 1765 4635 autem,
1783 4568 1819 4625 ut
1833 4581 1849 4624 a
1865 4563 2004 4640 praelato
2020 4579 2095 4628 ven.

540 4666 572 4728 in
598 4665 734 4729 Domino
760 4663 975 4727 indicaremus
989 4712 995 4732 ,
1028 4663 1144 4736 iidem,
1169 4665 1288 4727 nedum
1348 4659 1387 4722 lr.
1404 4659 1540 4736 losepho
1555 4657 1734 4720 Patriarcha
1748 4657 1801 4718 vel
1817 4657 1855 4718 ab
1869 4657 1931 4719 alio
1947 4657 2097 4720 Antistite

540 4759 715 4822 Amidenae
730 4774 787 4820 seu
800 4757 1022 4820 lilarbelriren.
1040 4759 1192 4821 ecclesiae
1206 4777 1290 4822 anno
1346 4755 1384 4816 ab
1400 4769 1437 4816 eo
1453 4751 1633 4831 specialiter
1649 4751 1859 4828 designando,
1876 4751 2097 4814 assistentibus

540 4861 613 4916 ante
635 4855 775 4923 vacanti,
799 4865 915 4913 verum
939 4859 971 4912 et
994 4851 1168 4925 ilardensi,
1193 4869 1289 4930 quam
1347 4849 1472 4911 duobus
1487 4848 1557 4910 aliis
1571 4846 1733 4908 catholicis
1746 4845 1907 4924 Episcopls
1923 4845 1991 4908 sive
2006 4845 2097 4909 Chal-

540 4948 603 5010 illis
618 4947 722 5009 ierme
738 4947 851 5008 diebus
866 4954 993 5024 pastore
1009 4946 1133 5008 viduari
1148 4947 1290 5023 contige·
1347 4943 1437 5014 dalei,
1461 4942 1541 5012 sive,
1566 4940 1614 5000 his
1636 4939 1869 5010 deficientibus,
1890 4939 2023 5002 alterins
2044 4957 2097 5002 cu·

541 5047 600 5112 rat,
623 5041 887 5119 praeficerentur.
910 5039 995 5115 Quae
1011 5041 1116 5102 omnia
1133 5041 1290 5104 maximae
1347 5037 1462 5113 iusque
1483 5036 1584 5104 ritus,
1609 5032 1742 5110 gratiam
1773 5041 1805 5095 et
1833 5033 2095 5096 communionem

541 5135 685 5214 prolecto
716 5133 925 5196 consolationi
960 5133 1050 5196 nobis
1082 5133 1191 5204 luere,
1226 5151 1290 5197 ma·
1348 5129 1438 5192 Sedis
1467 5127 1667 5207 spostolicae
1697 5125 1906 5198 habentibus,
1934 5143 2097 5188 consecra-

542 5244 709 5308 gnumque
737 5229 884 5291 solatium
915 5227 1173 5290 tribulationibus
1195 5237 1290 5306 atquc
1347 5225 1442 5286 tionis
1475 5239 1593 5284 munus
1626 5221 1727 5283 libere
1763 5237 1797 5282 ac
1833 5220 1917 5282 licite
1952 5219 2096 5299 recipere

541 5322 708 5400 angustiis,
733 5322 848 5398 quibus
872 5321 1015 5398 undique
1039 5321 1229 5398 premimur,
1247 5331 1290 5384 at·
1348 5318 1449 5395 possis
1478 5325 1510 5378 et
1536 5316 1653 5378 valeas.
1677 5314 1800 5376 Verum
1830 5314 2034 5376 decernimus
2062 5331 2097 5376 ac

542 5415 697 5480 tulerunt:
713 5415 974 5492 quandoquidem
987 5415 1185 5476 eteximium
1202 5432 1289 5494 prae·
1347 5412 1490 5474 districte
1508 5410 1734 5489 praecipimus,
1758 5417 1794 5470 ut
1815 5415 1985 5484 antequam
2015 5408 2096 5470 eius·

542 5510 617 5573 dicti
638 5524 712 5572 ven.
736 5508 776 5570 ir.
801 5508 923 5587 losephi
954 5507 1152 5570 Patriarchae
1182 5509 1289 5571 zelum
1347 5507 1420 5569 dem
1447 5504 1694 5567 consecrationis
1718 5519 1835 5565 munus
1857 5502 2001 5580 recipias,
2026 5517 2096 5580 pro·

542 5606 574 5666 in
598 5603 795 5682 procuranda
811 5603 972 5665 commissi
993 5601 1053 5664 sibi
1076 5602 1184 5680 gregis
1206 5603 1291 5664 utili·
1347 5600 1521 5662 lessionem
1544 5599 1616 5660 lldei
1640 5597 1826 5670 catholicae,
1850 5598 1938 5658 iuxta
1960 5597 2095 5658 lormam

543 5705 605 5760 tate
628 5703 660 5759 et
681 5697 877 5774 singularem
898 5713 973 5775 erga
996 5713 1053 5760 nos
1075 5698 1172 5760 iidem
1189 5714 1222 5757 ac
1237 5697 1290 5759 de·
1347 5696 1384 5755 ah
1397 5693 1524 5755 Urbano
1536 5691 1613 5754 Vlll.
1629 5693 1874 5770 praedecessore
1886 5697 1997 5752 nostro
2009 5705 2096 5768 prae-

541 5792 706 5852 votionem
720 5790 997 5868 pr·aeseierebant;
1014 5791 1289 5868 simulquetutam
1348 5788 1488 5860 linitam,
1513 5803 1574 5849 una
1597 5801 1669 5848 cum
1692 5786 1873 5848 iuramento
1895 5784 2095 5847 obedientiae

540 5885 727 5947 sternebant
749 5885 845 5957 viam,
864 5901 926 5962 qua
948 5885 1177 5948 ecclesiasticae
1199 5885 1290 5946 disci·
1347 5889 1379 5944 et
1394 5881 1554 5944 ssdelltatis
1570 5881 1661 5944 nobis
1677 5897 1710 5942 ac
1726 5879 1963 5942 successoribus
1979 5878 2095 5940 nostris

542 5978 648 6058 plinao
669 5979 765 6042 decus
791 5987 823 6042 et
843 5981 937 6058 vigor
964 5981 997 6042 in
1025 5979 1178 6042 catholica
1198 5977 1290 6041 Chal·
1347 5976 1483 6050 debitae,
1497 5975 1530 6038 in
1547 5975 1692 6073 manibus
1712 5974 1882 6037 memorati
1896 5987 1971 6036 ven.
1988 5971 2095 6034 lratris
