4836 7002
905 546 1048 592 CLEMENS
1069 549 1119 592 ΡΡ.
1145 547 1208 592 xlv.

281 679 364 726 mur.
396 663 459 726 llos
480 664 611 727 interim
644 665 848 728 benemereri
875 665 914 727 de
936 663 1028 726 nobis

280 758 404 834 pergite
426 757 607 834 vestrisque
628 759 664 820 ad
689 759 790 820 Deum
807 759 956 836 precibus
970 760 1028 820 im-

279 849 486 912 becillitatem
510 858 649 914 nostram
680 852 713 914 in
743 853 934 928 gravissimo
955 853 1028 914 sub-

278 945 428 1008 stinendo
450 961 587 1007 munere
619 946 796 1008 sublevate.
830 945 917 1020 Quod
950 948 1027 1009 dum

278 1052 335 1100 vos
355 1039 587 1102 studiosissime
610 1039 747 1102 tacturos
769 1041 971 1112 confidimus,
996 1041 1028 1102 in

281 1131 478 1194 manilestlus
500 1142 628 1196 nostrae
651 1134 896 1198 benevolentiae
913 1137 1029 1213 pignus

279 1225 483 1302 apostolicam
517 1227 774 1290 benedictionem
808 1229 879 1300 tibi,
914 1228 1029 1291 dilecte

279 1317 336 1388 nti,
351 1319 479 1395 tuisque
502 1321 665 1382 monacbis
687 1328 890 1398 peramanter
911 1321 1029 1400 imper-

280 1411 391 1472 timur.

320 1505 432 1566 Datum
456 1505 586 1578 Romae,
616 1508 696 1584 apud
721 1507 752 1570 S.
778 1507 905 1570 llariam
937 1509 1029 1570 Maio·

279 1615 360 1670 rem,
381 1599 441 1662 sub
463 1601 582 1662 annulo
604 1600 779 1674 Piscatoris,
804 1603 855 1664 die
878 1619 970 1664 xxrrr.
989 1604 1029 1663 ia-

279 1695 383 1754 nuarii
406 1711 621 1766 uncccxmn..
646 1702 734 1773 pont.
760 1697 861 1758 nostri
882 1714 966 1760 anno
986 1715 1027 1758 ιιι.

546 1897 776 1904 ——.—-.u-—--.--.-

636 2076 673 2138 V.

284 2263 460 2326 Committit
485 2263 618 2325 vicariis
647 2264 827 2344 apostolicis
858 2265 893 2326 iat
924 2265 1032 2345 regnis

328 2355 467 2419 leodici
494 2363 524 2418 et
556 2354 793 2420 Goociocltioee
821 2357 1031 2422 emittentibus

323 2451 453 2514 troriore
474 2453 554 2528 qaod
576 2457 708 2530 oportet,
726 2467 784 2532 pre
806 2450 1033 2532 subrogatione

323 2545 462 2607 eliorum
484 2545 764 2608 ratmsiooertorom
784 2545 819 2606 ie
840 2545 942 2608 locem
962 2563 1033 2625 pre·

323 2635 519 2716 abpterorom
541 2639 703 2701 eattaetee
725 2637 891 2701 Societotis
911 2641 989 2702 leste.

470 2807 657 2876 stertens
686 2809 747 2876 ΡΡ.
771 2809 844 2877 ttttt.

423 2931 459 2998 ad
481 2931 612 2998 laturam
642 2933 685 2998 ret
712 2935 892 3000 memoriam.

86 3115 237 3160 eoeneum·
323 3109 391 3182 §l
416 3107 521 3188 Super
549 3109 699 3171 familiam
731 3111 856 3172 Domini
887 3112 1033 3173 coelestis

281 3203 380 3279 patris
397 3203 598 3265 ordinatione
612 3204 789 3275 constituti,
803 3205 839 3266 ad
854 3221 965 3266 omnes
982 3221 1033 3266 na·

282 3295 387 3356 tiones
410 3303 442 3356 et
463 3301 587 3372 gentes,
612 3311 692 3372 quae
715 3296 867 3358 catbolica
882 3298 1032 3359 societate

280 3389 507 3458 continentur,
531 3388 756 3451 sollicitudinis
786 3395 913 3451 nostrae
942 3407 1033 3452 curas

281 3481 491 3554 intendimus,
509 3489 604 3558 atque
620 3483 652 3544 in
668 3483 705 3543 iis
721 3483 882 3554 omnibus,
900 3499 980 3560 quae
996 3484 1031 3546 ad

281 3590 396 3637 eorum
432 3582 595 3638 aeternam
627 3576 764 3638 salutem
800 3578 1032 3654 procurandam

282 3669 556 3746 obtinendamque
585 3670 764 3748 pertinent,
788 3671 829 3732 ita
858 3671 1033 3747 advigilare

280 3761 468 3836 adnitimur,
496 3770 532 3826 ut
554 3771 749 3842 opportunas
771 3765 961 3841 apostolicae
986 3782 1039 3848 ca-¹

282 3857 384 3916 ritatis
408 3857 634 3934 potestatisque
658 3864 787 3918 nostrae
804 3863 909 3934 partes
924 3857 955 3920 in
973 3857 1033 3920 dis-

282 3949 351 4011 sitis
373 3949 561 4027 praesertim
585 3951 772 4026 regionibus
795 3958 827 4014 et
849 3952 1031 4029 provinciis,

283 4045 387 4120 quoad
410 4043 503 4106 nobis
526 4046 688 4121 integrum
713 4051 772 4115 est,
785 4045 961 4106 desiderari
977 4046 1034 4107 mi-

284 4138 372 4200 nime
395 4137 561 4215 patiamur.

100 4237 179 4298 sutus
200 4237 262 4280 mis·
325 4231 394 4305 §2-
419 4230 543 4292 Dudum
568 4230 739 4307 siquidem,
757 4231 838 4293 sicut
861 4248 965 4310 nuper
987 4251 1034 4296 ac-

72 4299 262 4405 lllllalllffd
284 4324 438 4400 cepimus,
455 4324 488 4384 in
503 4324 613 4400 regnis
636 4323 777 4385 'lunkini
795 4331 826 4385 et
847 4324 1035 4388 Concincbi-

72 4398 261 4506 fflssssssgsssg
285 4433 355 4488 nae,
389 4417 421 4478 in
453 4417 570 4494 quibus
602 4417 832 4479 catholicorum
866 4434 1032 4493 numerus,

71 4507 261 4603 {tssffigttfggusff
284 4511 495 4574 benedicente
522 4510 672 4582 Domino,
696 4511 818 4573 indies
848 4513 949 4590 magis
972 4531 1035 4576 ma-

227 4593 231 4603 ’
285 4604 399 4681 gisque
417 4614 564 4680 augetur,
584 4603 732 4666 nonnulli
748 4604 855 4667 vicarii
871 4605 1034 4682 apostolici

283 4697 323 4759 ab
345 4697 401 4758 bac
430 4695 541 4759 Sancta
570 4696 653 4759 Sede
681 4699 861 4776 respective
893 4700 1035 4776 deputati

284 4791 504 4868 reperiuntur.
538 4790 619 4853 Cum
652 4799 760 4854 autem
792 4792 878 4854 inter
910 4801 1034 4855 ceteros

284 4885 339 4962 qui
360 4885 458 4947 sacris
474 4885 679 4948 missionibus
697 4887 816 4948 ibidem
839 4903 968 4964 operam
985 4891 1035 4951 da-

284 4977 370 5051 bant,
391 4983 655 5040 'numerarentur
688 4995 818 5057 quoque
854 4981 1034 5060 presbyteri

284 5071 451 5149 regulares
481 5071 646 5134 Societatis
668 5073 749 5146 lesu,
775 5090 855 5152 qnae
882 5091 938 5153 per
960 5077 1035 5138 alias

284 5174 409 5229 nostras
438 5167 470 5227 in
500 5166 598 5228 simili
625 5166 728 5228 torma
757 5168 864 5229 brevis
886 5169 937 5231 die
966 5185 1033 5231 ιιι.

284 5261 353 5323 iulii
375 5262 536 5323 currentis
558 5261 633 5321 anni
655 5262 818 5338 expeditas
841 5262 948 5325 literas
963 5279 1035 5342 sup-

284 5370 392 5433 pressa
414 5361 509 5432 atque
532 5355 671 5417 extincta
693 5354 764 5426 luit,
779 5355 853 5417 binc
875 5364 934 5428 est,
949 5359 1034 5434 quod

284 5464 343 5510 nos
364 5442 456 5510 motu
478 5449 609 5527 proprio
624 5455 719 5526 atque
741 5465 781 5510 ex
803 5457 888 5512 certa
903 5450 1034 5514 scientia

284 5549 317 5602 et
338 5548 459 5603 matura
482 5541 713 5604 deliberatione
740 5543 867 5615 nostris,
885 5543 990 5621 deque
1006 5563 1035 5606 a·

284 5635 456 5714 postolicae
478 5636 642 5713 potestatis
658 5636 870 5714 plenitudine,
885 5637 1035 5699 omnibns

284 5736 317 5791 et
338 5727 475 5805 singulis
498 5728 642 5790 eiusdem
665 5729 709 5791 sic
732 5745 789 5807 per
811 5745 881 5802 nos,
895 5737 932 5791 ut
947 5745 1034 5808 prae·

284 5821 399 5893 lertur,
411 5822 570 5885 extinctae
581 5824 738 5886 societatis
751 5825 946 5902 presbyteris
959 5826 1034 5886 iam-

285 5915 410 5993 pridem
422 5915 455 5977 in
471 5915 563 5978 dictis
579 5917 688 5994 regnis
703 5916 912 5980 missionariis
929 5919 1034 5980 omnia

392 6068 449 6108 tur.
465 6035 541 6109 Pont.
557 6067 588 6108 de
604 6069 683 6118 rra—op.
699 6067 761 6109 Fide
775 6065 860 6110 Partis
875 6070 893 6110 t.
909 6066 962 6110 Vol.
980 6069 1030 6109 vll.

1754 529 1813 592 209
1869 533 1922 590 An.
1936 532 1965 592 Cu
1979 530 2048 590 trts

1085 669 1117 724 et
1137 663 1264 740 singula
1280 664 1458 742 privilegia,
1476 665 1651 736 facultates,
1671 666 1786 743 gratias
1802 673 1835 730 ct

1084 757 1205 819 indulta
1228 774 1243 818 a
1266 758 1414 820 Romanis
1431 759 1634 821 Pontificibus
1650 761 1834 837 praedeces-

1084 851 1211 913 soribus
1233 852 1351 914 nostris
1369 858 1400 914 et
1415 851 1497 914 Sede
1513 853 1671 930 praedicta
1693 855 1833 932 quando-

1085 960 1233 1022 cumque,
1248 947 1551 1023 quomodocumque
1565 953 1596 1008 et
1607 948 1834 1024 qualitercum-

1084 1053 1147 1115 que
1163 1040 1267 1101 eidem
1285 1040 1443 1102 extinctae
1458 1041 1599 1102 societati
1616 1042 1747 1118 suisque
1764 1058 1833 1119 pre-

1083 1135 1222 1213 sbyteris
1244 1151 1402 1207 concessa,
1429 1134 1543 1196 tributa
1566 1141 1598 1196 et
1620 1135 1762 1211 elargita,
1785 1151 1834 1196 re·
1919 1133 1924 1142 '

1085 1241 1245 1298 vocamus,
1270 1229 1413 1290 tollimus
1436 1237 1468 1290 et
1489 1227 1666 1290 abolemus.

1125 1323 1143 1396 ἓ
1165 1322 1193 1382 3.
1219 1319 1264 1382 Ne
1286 1329 1392 1384 autem
1410 1339 1449 1383 ex
1462 1323 1644 1399 praemissis
1660 1323 1834 1400 quidquam
1880 1343 2015 1388 concessio
2033 1345 2068 1390 ra-

1085 1415 1271 1478 detrimenti
1293 1415 1512 1492 spiritualibus
1529 1416 1771 1478 necessitatibus
1787 1433 1835 1478 ca·
1852 1397 1982 1442 ⁰¹¹¹i³¹¹¹m
2006 1405 2068 1453 ‘³⁹⁰‘

1870 1451 1969 1494 tolicis
1996 1452 2041 1494 V'c
2059 1476 2068 1484 -

1055 1487 1057 1542 l
1087 1509 1279 1571 tbolieorum
1302 1509 1334 1570 in
1358 1509 1476 1571 eisdem
1508 1511 1616 1586 regnis
1645 1510 1834 1586 degentium
1854 1463 1902 1548 3³5⁸
1923 1516 1970 1560 t¹'⁰
1985 1463 2068 1550 vait}-

1086 1617 1226 1680 unquam
1251 1603 1410 1674 obveniat,
1428 1618 1485 1679 pro
1508 1603 1673 1680 pastoralis
1690 1603 1834 1664 muneris
1854 1559 2059 1668 {liperrsesirgfflgtsup

1086 1699 1187 1760 nostri
1213 1697 1321 1760 debito
1349 1703 1480 1774 paterna
1502 1697 1631 1760 caritate
1663 1697 1834 1775 providere

1056 1821 1058 1840 ι
1085 1793 1243 1859 volentes,
1268 1797 1369 1860 motu,
1390 1791 1520 1852 scientia
1536 1797 1568 1852 et
1589 1791 1754 1867 potestatis
1770 1792 1834 1869 ple·

1086 1887 1233 1948 nitudine
1260 1884 1417 1946 similibus
1447 1901 1503 1961 per
1537 1891 1721 1962 praesentes
1751 1901 1836 1946 com-

1087 1980 1246 2041 mittimus
1278 1985 1310 2042 et
1343 1979 1530 2040 mandamus
1559 1979 1680 2040 eisdem
1711 1979 1836 2041 vicariis

1086 2073 1267 2150 apostolicis
1289 2073 1321 2135 in
1344 2073 1453 2148 regnis
1476 2073 1644 2150 praedictis
1671 2073 1836 2136 existenti-

1087 2167 1157 2238 bus,
1175 2175 1221 2238 ut,
1240 2173 1397 2242 quatenus
1420 2171 1552 2243 propter
1573 2167 1732 2228 societatis
1748 2182 1837 2245 prae·
1856 2216 1860 2226 .

1086 2261 1187 2321 dictae
1211 2258 1442 2320 extinctionem
1455 2266 1488 2318 et
1502 2260 1765 2336 suppressionem
1780 2259 1836 2320 bu-

1086 2353 1224 2414 iusmodi
1248 2352 1352 2428 aliqua
1375 2367 1454 2429 opus
1476 2351 1517 2414 sit
1538 2352 1715 2414 variatione
1736 2353 1768 2414 in
1792 2353 1837 2415 di·

1058 2446 1283 2520 ¹stribuondis
1315 2445 1573 2523 applicandisque
1608 2447 1836 2521 missionibus,

1058 2525 1060 2611 l
1087 2557 1168 2618 quae
1190 2541 1222 2602 in
1245 2555 1358 2602 eorum
1382 2540 1561 2616 respective
1584 2540 1728 2602 districtu
1747 2557 1837 2619 repe·

1058 2615 1061 2665 ¹
1087 2637 1228 2706 riuntur,
1252 2636 1417 2698 communi
1439 2651 1570 2697 assensu
1594 2635 1653 2698 boc
1675 2637 1779 2713 ipsum
1796 2635 1838 2698 la·

1089 2731 1171 2791 ciant
1193 2735 1226 2791 et
1247 2737 1460 2806 exequantur,
1479 2730 1603 2807 piisque
1625 2748 1659 2792 ac
1683 2731 1775 2794 iustis
1791 2749 1838 2793 ca-

1088 2824 1291 2885 rissimorum
1303 2824 1336 2884 in
1348 2821 1477 2885 Christo
1493 2823 1634 2886 filiorum
1651 2833 1837 2888 nostrorum

1088 2919 1241 2982 Ludovici
1264 2917 1446 2980 francorum
1471 2919 1557 2994 rogis
1583 2919 1838 2982 christianissimi

1088 3018 1120 3072 et
1141 3010 1246 3073 Caroli
1260 3010 1482 3088 Hispaniarum
1500 3011 1586 3088 regis
1602 3011 1746 3074 catbolici
1762 3013 1837 3075 alio-

1089 3121 1228 3183 rumque
1250 3105 1499 3167 cbristianorum
1523 3105 1705 3183 principum
1722 3107 1760 3167 do
1779 3107 1839 3168 eis-

1089 3202 1161 3263 dem
1179 3197 1381 3260 missionibus
1396 3200 1475 3260 adeo
1493 3198 1768 3262 benemeritorum
1786 3202 1839 3262 de-

1088 3294 1213 3356 sideriis
1241 3292 1463 3362 inhaerentes,
1487 3292 1516 3353 id
1540 3299 1643 3354 totum
1671 3295 1703 3354 in
1725 3310 1760 3355 re
1783 3295 1839 3356 bac

1088 3387 1198 3449 vicarii
1220 3387 1371 3464 praedicti
1400 3387 1596 3449 unanimiter
1624 3395 1718 3462 agant
1743 3395 1838 3464 atque

1088 3481 1293 3551 constituant,
1311 3480 1397 3554 quod
1419 3479 1454 3539 ad
1472 3479 1626 3540 maiorem
1649 3479 1838 3544 faciliorem-

1088 3589 1151 3651 que
1173 3573 1345 3636 catbolicae
1362 3571 1435 3632 lldei
1451 3571 1713 3649 propagationem
1736 3582 1838 3636 aeter-

1089 3683 1227 3744 namque
1250 3667 1427 3727 animarum
1451 3667 1587 3728 satutem
1612 3667 1835 3739 obtinendam,

1089 3763 1121 3826 in
1144 3762 1280 3824 Domino
1303 3760 1403 3837 magis
1426 3760 1578 3837 expedire
1602 3763 1795 3840 putaverint.

1128 3859 1146 3932 ἓ
1169 3857 1197 3918 l.
1221 3855 1255 3916 ln
1280 3855 1391 3932 primis
1413 3870 1492 3916 vero
1515 3871 1572 3932 pro
1593 3873 1642 3928 eo,
1660 3857 1837 3932 quotidem
1899 3869 2069 3924 Praeceptum

1090 3951 1198 4012 vicarii
1221 3949 1353 4028 pollent,
1379 3950 1464 4022 zelo,
1497 3951 1630 4027 pietate,
1655 3951 1782 4012 caritate
1804 3968 1838 4014 ac
1857 3921 1998 4038 ξὲξῖξὲἒέζ
2015 3933 2071 4031 pqr&

1089 4043 1266 4121 diligentia,
1290 4043 1378 4115 alios,
1396 4043 1451 4120 qui
1472 4043 1689 4121 spiritualibus
1713 4061 1838 4106 earum·
1857 4029 2071 4127 ¹¹2¹;?,⁸}3¹}1'2,¹.¹5,33

1089 4138 1162 4200 dem
1185 4138 1365 4198 animarum
1397 4137 1638 4199 necessitatibus
1667 4153 1837 4199 occurrere
1857 4095 1937 4180 isam.

1091 4231 1211 4308 possint
1232 4231 1263 4291 in
1285 4230 1374 4302 locis,
1388 4229 1420 4291 in
1436 4229 1552 4306 quibus
1568 4231 1642 4292 dicti
1658 4229 1837 4309 presbyteri

1089 4326 1185 4386 sacris
1209 4324 1414 4386 missionibus
1437 4341 1565 4400 operam
1589 4324 1714 4395 dabant,
1738 4325 1772 4386 in·
1787 4341 1838 4386 eo-

1090 4434 1163 4479 rum
1180 4417 1286 4480 locum
1303 4419 1480 4496 subrogare
1492 4436 1525 4479 ac
1538 4419 1691 4496 deputare
1707 4419 1839 4480 omnino

1090 4519 1204 4574 curent
1235 4519 1267 4574 et
1299 4519 1488 4587 teneantur3
1523 4527 1667 4590 opusque
1699 4513 1758 4575 boc
1779 4513 1839 4574 sibi

1089 4605 1269 4668 iniunctum
1288 4613 1397 4667 mutua
1411 4607 1549 4667 invicem
1566 4607 1694 4667 caritate
1710 4606 1751 4666 ita
1767 4623 1839 4666 con-

1090 4715 1254 4761 summare
1276 4706 1429 4778 satagant,
1453 4707 1489 4760 ut
1511 4701 1649 4762 debitam
1667 4715 1780 4762 eorum
1797 4699 1839 4761 la-

1091 4791 1223 4855 boribus
1254 4795 1436 4856 mercedem
1464 4794 1497 4855 in
1520 4794 1617 4856 coelis
1644 4811 1658 4854 a
1684 4795 1767 4854 iusto
1789 4809 1839 4854 re·

1090 4888 1249 4949 tributore
1271 4888 1335 4951 Deo
1358 4888 1502 4965 recipere
1531 4888 1667 4950 valeant.
1703 4888 1790 4962 Quod
1814 4887 1839 4948 si

1090 4989 1261 5059 antequam
1294 4989 1479 5060 praesentes
1508 4991 1636 5045 nostrae
1663 4982 1774 5043 literae
1802 4981 1838 5042 ad

1090 5075 1220 5136 eosdem
1243 5076 1378 5137 vicarios
1401 5076 1602 5154 proveniant,
1626 5075 1744 5153 aliquid
1767 5091 1839 5138 con-

1093 5177 1139 5230 tra
1161 5170 1348 5232 earumdem
1372 5170 1540 5233 literarum
1567 5170 1703 5232 lormam
1727 5177 1759 5231 et
1780 5170 1840 5230 dis-

1092 5261 1285 5339 positionem
1307 5265 1430 5324 interea
1454 5271 1593 5340 gestum,
1607 5263 1839 5342 praescriptum

1090 5361 1185 5432 atque
1208 5362 1362 5418 statutum
1386 5357 1437 5428 sit,
1452 5357 1481 5418 id
1502 5363 1604 5418 totum
1620 5361 1721 5428 motu,
1739 5357 1840 5418 scien·

1091 5449 1132 5510 tia
1154 5457 1186 5511 et
1207 5450 1373 5527 potestatis
1386 5450 1587 5528 plenitudine
1602 5451 1762 5512 similibus
1777 5468 1840 5512 cas-

1090 5557 1208 5612 samus,
1226 5543 1371 5605 tollimus
1387 5551 1419 5606 et
1433 5545 1634 5622 abrogamus,
1653 5545 1840 5622 nulliusque

1090 5636 1216 5698 roboris
1239 5643 1271 5698 et
1291 5638 1448 5700 momenti
1471 5638 1569 5700 luisse
1585 5645 1617 5699 et
1638 5653 1708 5700 esse
1731 5639 1838 5700 decer-

1091 5731 1197 5792 nimus
1221 5739 1253 5794 et
1278 5731 1488 5793 declaramus.

1120 5827 1148 5900 ,5
1169 5825 1199 5886 d.
1216 5825 1383 5888 Praeterea
1398 5826 1548 5887 volumus
1563 5843 1608 5897 ac,
1625 5827 1684 5888 sub
1696 5825 1840 5903 indigna·
1907 5825 2072 5888 praecipitur

1091 5919 1185 5980 tionis
1208 5926 1335 5982 nostrae
1358 5918 1492 5996 aliisque
1507 5919 1639 5982 arbitrio
1655 5925 1766 5981 nostro
1781 5919 1839 5980 im·
1857 5879 1982 5978 {iiiiii}
1991 5891 2072 5978 ¹⁸3&

1706 6066 1732 6108 27
