4756 6994
327 534 380 589 An.
394 532 422 588 C.
437 534 505 590 1754
564 535 621 598 130

541 669 668 748 integra
691 671 764 734 fidei
797 672 987 750 praedicatio
1010 691 1042 735 ac
1072 675 1215 736 doctrina
1244 691 1293 736 re-

541 764 684 840 spective
706 764 738 825 in
761 762 900 825 Orientis
924 780 1053 843 quoque
1077 768 1220 844 partibus
1240 769 1294 830 ali-

541 859 680 936 quandiu
711 859 957 932 restitueretur3
988 867 1158 938 propterea
1185 877 1293 924 mona-

541 951 651 1022 sterio,
669 951 789 1013 abbatia
811 961 1006 1030 nuncupato,
1025 951 1056 1012 S.
1074 953 1236 1016 Berredicti
1254 956 1292 1017 de

540 1045 654 1108 Ullano
686 1045 871 1122 nuncupati,
904 1045 1048 1108 eiusdem
1073 1045 1103 1108 S.
1130 1047 1291 1110 Benedicti

539 1156 596 1200 seu
619 1139 750 1200 alterius
777 1136 915 1207 Ordinis,
940 1141 1092 1217 praedicti
1116 1144 1222 1220 oppidi
1253 1145 1291 1204 do

540 1232 665 1304 Ullano,
684 1233 769 1310 quod
792 1233 927 1294 dilectus
951 1233 1035 1295 lilius
1052 1245 1164 1296 nostor
1179 1237 1292 1298 Petrus

539 1327 689 1406 aloysius
723 1327 782 1389 Tit.
821 1325 852 1388 S⁴
883 1327 1044 1390 Laurentii
1077 1329 1108 1390 iu
1145 1331 1226 1392 Pane
1261 1341 1293 1394 ot

540 1421 640 1482 Perna
663 1423 837 1500 nuncupati
863 1422 901 1482 de
924 1423 1017 1492 artie,
1043 1421 1074 1483 S.
1099 1423 1133 1484 R.
1153 1424 1193 1485 E.
1219 1427 1292 1486 Pre-

538 1515 649 1593 sbyter
678 1514 852 1578 Cardinolis
884 1515 992 1578 Carasa
1019 1525 1231 1596 nuncupatus,
1259 1521 1290 1580 in

539 1611 764 1672 commendam
786 1611 823 1672 ad
845 1610 894 1670 sui
911 1611 1007 1671 vitam
1025 1628 1064 1672 ex
1085 1613 1290 1676 comissione

540 1703 820 1780 etdispcnsatione
833 1704 1013 1780 apostolicis
1027 1711 1102 1766 tunc
1115 1706 1290 1784 obtinebat,

539 1803 636 1874 prout
647 1796 749 1858 adbuc
765 1797 889 1858 obtinet
901 1797 939 1858 de
954 1800 1125 1874 praesenti,
1140 1801 1290 1877 palatium

539 1890 692 1952 abbatiale
722 1907 793 1952 cum
818 1891 967 1953 omnibus
996 1901 1028 1952 et
1050 1893 1186 1969 singulis
1209 1896 1292 1956 eius-

539 1985 612 2046 dem
636 1984 738 2062 palatii
763 1985 993 2057 mansionibus,
1018 1987 1160 2059 aeclibus,
1185 1989 1291 2050 aedifi·

538 2077 605 2148 ciis,
631 2077 763 2140 cilicinis
791 2078 926 2155 aliisque
949 2079 1016 2140 eius
1040 2081 1207 2150 membris,
1232 2099 1291 2144 nec

539 2187 604 2231 non
628 2170 778 2233 omnibus
801 2177 833 2233 et
855 2173 992 2249 singulis
1015 2174 1218 2236 domunculis
1248 2176 1291 2235 ei-

538 2264 610 2325 dem
646 2265 760 2341 palatio
783 2266 927 2330 annexis.
954 2267 1186 2343 ecclesiamque
1209 2269 1292 2328 eius·

537 2357 610 2418 dem
640 2356 670 2418 S.
696 2357 858 2420 Benedicti
881 2360 984 2420 eidem
1019 2361 1133 2437 palatio
1163 2362 1290 2439 propin-

537 2465 644 2526 quam,
677 2452 763 2512 etin
796 2466 857 2528 qua
886 2453 1065 2514 animarum
1096 2471 1171 2516 cura
1201 2471 1290 2532 paro-

537 2545 725 2606 chianorum
760 2544 834 2606 dicti
868 2549 1067 2616 monasterii,
1096 2563 1175 2624 quae
1203 2549 1289 2610 illius

536 2639 649 2700 Abbati
663 2645 820 2716 perpetuo
837 2641 1120 2712 commendatario,
1137 2658 1193 2720 pro
1211 2651 1289 2703 tem-

535 2747 614 2810 pore
645 2733 808 2802 existenti,
839 2733 981 2802 suberat,
1008 2751 1064 2811 per
1094 2753 1193 2798 unum
1220 2753 1289 2814 prc-

535 2825 703 2902 sbyterum
720 2825 873 2886 idoneum
890 2825 927 2886 ab
951 2829 1063 2889 eodem
1082 2829 1202 2890 Abbale
1220 2847 1288 2906 per-

536 2925 632 2996 petuo
654 2919 927 2980 commendatario
950 2922 1180 2984 nominandum
1205 2931 1236 2984 et
1251 2924 1288 2985 ab

535 3010 702 3074 Ordinatio
721 3013 781 3074 loci
804 3013 1043 3090 approbandum
1064 3017 1286 3088 exercebatur,

534 3123 568 3168 ac
594 3113 782 3183 perpetuam
806 3107 875 3167 sine
899 3124 972 3168 cura
1005 3110 1231 3186 cappellaniam
1255 3111 1288 3171 in

536 3201 618 3261 dicta
642 3200 786 3270 ecclesia,
804 3202 854 3261 cui
872 3217 929 3278 pcr
945 3202 1042 3262 alium
1060 3203 1286 3280 presbyterum

535 3293 616 3354 ritus
640 3293 790 3371 praedicti
807 3295 975 3355 abeodem
993 3295 1114 3357 Alrlratc
1130 3305 1287 3376 perpetuo

535 3387 808 3448 commendatario
838 3395 914 3449 tsunc
943 3389 1094 3466 deputato
1127 3390 1287 3451 deservie-

535 3481 639 3551 batur,
663 3497 735 3542 cum
761 3497 860 3542 onere
882 3483 978 3543 uxiius
1008 3483 1122 3544 missae
1150 3485 1287 3560 singulis

536 3573 623 3636 lestis
646 3575 758 3636 diebus
780 3575 856 3636 inibi
880 3576 917 3636 ab
940 3577 1054 3637 codem
1078 3577 1287 3640 celebrandae

535 3667 594 3728 sub
618 3675 704 3728 certa
727 3667 932 3745 eleemosyna
960 3669 998 3728 ab
1027 3669 1141 3730 eodem
1165 3667 1285 3730 dbliatc

536 3776 593 3837 pro
615 3760 833 3822 celebratione
855 3761 1027 3822 cuiuslibet
1043 3763 1157 3823 missae
1177 3762 1286 3824 buius-

536 3855 623 3916 modi
645 3853 875 3931 persolvenda,
900 3854 1070 3932 apostolica
1100 3857 1286 3918 auctoritate

536 3949 574 4010 de
598 3947 751 4026 praedicti
774 3947 859 4008 Petri
881 3947 1002 4025 aloysii
1024 3948 1199 4010 Cardiualis
1214 3966 1287 4012 con-

535 4057 651 4113 sensu,
682 4041 742 4102 sub
771 4041 866 4104 certis
895 4041 991 4102 modo
1019 4049 1051 4102 et
1080 4042 1181 4104 lorrna
1212 4053 1287 4106 tunc

536 4137 709 4214 expressis,
728 4143 817 4198 motu
834 4137 965 4214 proprio
988 4143 1019 4198 et
1042 4137 1080 4197 de
1096 4139 1286 4214 apostolicae

535 4232 700 4308 potestatis
723 4231 937 4308 plenitudine,
955 4238 1113 4308 perpetuo
1136 4233 1287 4293 dismem-

535 4324 755 4394 oraverimus,
789 4325 1046 4400 separaverimus
1080 4333 1112 4388 et
1137 4341 1287 4404 segrega-

432 4487 436 4496 ,
534 4423 691 4488 verimus,
710 4419 855 4495 illudque
877 4418 921 4478 sic
944 4418 1220 4492 dismembratum,
1239 4437 1287 4482 sc-

534 4522 680 4597 paratum
697 4523 728 4575 et
743 4519 962 4588 segregatum,
977 4513 1009 4572 in
1022 4511 1196 4588 collegium
1210 4531 1286 4591 pue-

535 4625 647 4673 rorum
676 4617 709 4670 et
730 4607 970 4668 adolescentum
1001 4605 1082 4667 ritus
1112 4607 1217 4682 graeci
1247 4625 1287 4670 ex

533 4705 631 4783 Epiro
644 4701 869 4768 oriundorum,
884 4708 916 4760 et
929 4699 961 4760 in
974 4699 1057 4760 dicto
1071 4715 1184 4776 regno,
1199 4703 1284 4778 quod

533 4796 778 4876 Neapolitanum
799 4800 1012 4870 nuncupatur,
1031 4809 1071 4855 ex
1087 4809 1163 4854 vere
1180 4795 1285 4856 catlio-

534 4892 602 4953 licis
624 4888 810 4968 parentibus
834 4894 980 4948 ortorum
1003 4886 1035 4947 in
1059 4887 1174 4964 oppido
1197 4904 1286 4966 prae-

534 4986 618 5048 dicto
635 4983 822 5046 auctoritate
838 4987 993 5056 motuque
1009 4981 1169 5043 similibus
1189 4983 1283 5044 etiam

533 5085 690 5159 perpetuo
707 5074 909 5138 erexerimus
926 5084 957 5136 et
973 5074 1224 5150 instituerimus;
1242 5077 1284 5136 ei·

533 5187 596 5249 que
612 5172 656 5234 sic
671 5177 781 5234 erecto
797 5177 828 5230 et
842 5169 988 5230 instituto
1001 5167 1166 5231 ecclesiam
1184 5177 1216 5231 et
1231 5171 1284 5232 do-

533 5266 702 5328 munculas
731 5263 924 5342 praedictas,
949 5263 1076 5340 praevia
1104 5264 1282 5326 animarum

533 5375 628 5420 curae
654 5357 921 5436 parochianorum
947 5374 962 5416 a
988 5358 1201 5428 monasterio,
1226 5375 1285 5421 nec

533 5469 597 5514 uon
620 5453 700 5514 iuris
723 5451 908 5514 nominandi
930 5467 1032 5512 unum
1056 5467 1114 5528 pro
1130 5451 1284 5513 exercitio

532 5558 628 5608 curae
650 5545 815 5607 animabus
844 5543 1030 5606 buiusmodi
1056 5561 1089 5606 ac
1112 5546 1284 5622 deputandi

532 5639 670 5700 alterum
693 5638 921 5717 presbyterum
944 5654 1001 5716 pro
1024 5639 1175 5700 ecclesiae
1198 5657 1284 5701 ano-

532 5732 591 5802 bis,
616 5733 670 5804 sic,
695 5739 731 5793 ut
748 5729 938 5810 praefertur,
957 5731 1202 5794 dismembratae
1217 5749 1284 5794 ser-

532 5825 622 5895 vitiu,
647 5825 828 5900 missaeque
850 5823 1035 5887 huiusmodi
1055 5825 1281 5896 celebratione,

532 5919 570 5979 ab
594 5917 714 5980 Abbate
746 5924 903 5998 perpetuo
934 5919 1205 5980 commendatario
1232 5920 1283 5982 ab·

1065 557 1130 602 lun.
1155 557 1246 602 PONT.
1272 558 1312 603 DE
1334 559 1364 604 P.
1388 559 1417 604 F.
1443 561 1526 604 PARS
1549 561 1570 606 l.

1351 676 1527 748 ditatione,
1567 680 1678 740 eadem
1711 682 1880 758 apostolica
1913 683 2102 746 auctoritate

1350 769 1500 831 similiter
1522 781 1678 849 perpetuo
1700 774 1914 845 univerimns,
1933 778 2102 838 annexcri-

1351 880 1422 925 nius
1443 874 1474 926 et
1496 865 1827 942 incorporaverimus,
1852 868 2033 946 dictamque
2049 887 2101 932 cu-

1350 974 1415 1018 ram
1441 975 1497 1036 per
1521 959 1594 1022 dicti
1617 959 1744 1036 collegii
1767 968 1927 1023 rectorem
1949 979 2005 1040 pro
2021 972 2102 1025 tem·

1351 1067 1428 1128 pore
1440 1051 1643 1120 existentem,
1655 1053 1705 1113 cui
1719 1053 1892 1130 collegium
1903 1055 2101 1132 praedictum

1349 1161 1523 1221 congruam
1548 1145 1837 1209 substentationem
1859 1149 2020 1226 assignare
2047 1152 2100 1212 de-

1349 1238 1441 1300 beret
1460 1245 1492 1300 et
1509 1245 1686 1310 teneretur,
1704 1241 1937 1316 exercendam3
1962 1259 2101 1306 necnon

1348 1332 1398 1392 ius
1420 1331 1605 1392 nominandi
1629 1341 1660 1394 et
1683 1334 1854 1412 deputandi
1872 1337 2099 1414 presbyterum

1349 1424 1508 1500 prodicta
1533 1426 1647 1486 missae
1674 1427 1907 1499 celebratione,
1932 1430 1986 1506 qui
2015 1447 2099 1492 uirus

1349 1534 1388 1578 ex
1410 1519 1554 1580 eiusdem
1579 1519 1705 1596 collegii
1723 1521 1890 1594 ministris,
1912 1532 2098 1588 nontamen

1348 1611 1434 1673 illius
1451 1621 1556 1674 rector
1579 1614 1743 1685 existeret,
1761 1616 1798 1676 ad
1815 1616 1888 1677 dicti
1905 1617 2033 1693 collegii
2050 1635 2099 1680 re·

1348 1715 1482 1776 ctorem,
1501 1723 1559 1785 pro
1582 1715 1727 1785 tempore
1753 1710 1958 1780 existentem,
1977 1713 2098 1788 praedi-

1347 1807 1433 1860 ctum
1458 1800 1545 1878 (cuin
1563 1800 1622 1862 boc
1638 1809 1759 1874 tanren,
1774 1804 1858 1879 quod
1877 1819 1933 1880 pro
1951 1813 2097 1881 tempore

1348 1894 1489 1955 existens
1512 1894 1587 1954 dicti
1603 1897 1788 1956 monasterii
1803 1895 1905 1956 Abbas
1922 1905 2097 1976 perpetuus

1347 1985 1637 2047 commendatarius
1660 1988 1763 2050 eidem
1787 1989 1925 2066 collegio
1953 2005 2010 2067 pro
2040 1991 2097 2050 bu-

1346 2079 1484 2140 insmodi
1517 2079 1631 2141 missae
1664 2081 1879 2143 celebratione
1911 2091 2094 2144 cousuetam

1346 2172 1583 2251 eleemosynam
1615 2175 1801 2251 persolvere
1828 2175 1961 2236 deberet
1992 2183 2023 2236 et
2052 2185 2096 2238 te-

1347 2266 1505 2344 neretur),
1523 2267 1633 2328 eadem
1650 2267 1820 2344 apostolica
1841 2269 2039 2338 auctoritate,
2057 2271 2096 2330 de

1345 2359 1411 2437 pari
1425 2359 1498 2420 dicti
1513 2361 1596 2420 Petri
1609 2359 1731 2437 aloysii
1747 2361 1920 2424 Cardinalis
1936 2379 2094 2423 consensu

1346 2452 1624 2526 transtulerimus;
1649 2454 1820 2530 eidemque
1843 2453 1980 2530 collegio
2002 2473 2017 2514 a
2040 2471 2095 2516 no·

1345 2546 1403 2618 bis,
1428 2546 1483 2615 sic,
1508 2553 1543 2605 nt
1566 2545 1758 2623 praefertur,
1784 2553 1903 2618 erecto,
1928 2563 1985 2624 pro
2008 2547 2095 2608 illius

1344 2641 1418 2702 dote
1440 2639 1591 2716 illiusque
1615 2637 1833 2710 alumnorum,
1851 2642 2091 2717 magistrorum,

1345 2733 1580 2812 praefectorum
1599 2733 1803 2809 aliorumque
1826 2735 2048 2796 ministrorum
2065 2736 2093 2794 ei

1343 2827 1592 2888 inservientium
1625 2827 1890 2896 substentatione,
1926 2845 2037 2888 omnes
2064 2836 2095 2888 et

1343 2917 1489 2997 singulos
1522 2921 1661 2990 lruclus,
1700 2921 1786 2990 iura,
1821 2921 2032 2983 obventiones
2063 2931 2095 2984 et

1344 3015 1564 3076 emolumenta
1586 3017 1755 3085 universa,
1780 3023 1844 3075 tam
1872 3023 1974 3083 certa,
1999 3032 2094 3091 qoam

1344 3107 1475 3177 incerta,
1491 3124 1529 3168 ex
1543 3123 1617 3168 cura
1634 3107 1813 3168 animarum
1827 3107 2091 3184 parochianorum

1344 3201 1529 3262 buiusmodi
1560 3207 1591 3260 et
1619 3199 1694 3260 alias
1727 3200 2030 3276 quomodocumque
2064 3211 2094 3262 et

1344 3296 1571 3369 undecumque
1608 3309 1647 3353 ex
1683 3293 1886 3356 domunculis
1927 3295 2094 3371 praedictis

1343 3387 1575 3466 provenientia,
1602 3393 1632 3448 et
1654 3387 1685 3448 in
1713 3403 1915 3466 quacumque
1937 3404 1971 3448 re
1994 3389 2094 3450 consi-

1342 3482 1478 3555 stentiu3
1502 3497 1561 3542 nec
1578 3497 1642 3542 non
1665 3498 1777 3543 omnes
1793 3489 1825 3543 et
1840 3482 1982 3558 singulas
1996 3491 2091 3552 taxas,

1343 3589 1423 3652 quae
1452 3575 1634 3636 seminariis
1666 3591 1841 3652 puerorum
1874 3577 2093 3638 ecclesiasticis

1342 3669 1431 3730 latini
1454 3670 1534 3730 ritus
1550 3669 1582 3730 in
1605 3670 1689 3730 dicto
1711 3685 1813 3745 regno
1836 3670 2093 3740 existentibus,a

1343 3764 1503 3841 praedicto
1535 3764 1668 3840 aliisque
1702 3763 1905 3824 monasteriis
1931 3780 2093 3825 commen·

1343 3856 1408 3917 dari
1424 3857 1536 3925 solitis,
1555 3862 1588 3917 et
1602 3857 1747 3917 eiusdem
1764 3857 1845 3917 ritus
1868 3856 2090 3928 existentibus,

1341 3957 1436 4026 atque
1449 3951 1486 4010 ab
1498 3949 1630 4011 illorum
1643 3951 1823 4028 respective
1835 3949 2010 4012 abbatibus
2023 3965 2092 4026 per-

1342 4044 1447 4120 petuis
1463 4045 1741 4106 commendatariis
1761 4045 1843 4106 etad
1861 4043 2092 4120 praescriptum

1342 4137 1475 4199 Concilii
1498 4137 1676 4200 Tridentini
1700 4137 1979 4215 persolvebantur,
2005 4152 2093 4214 prae·

1341 4231 1392 4291 via
1414 4239 1558 4292 taxarum
1589 4231 1775 4292 huiusmodi
1803 4249 1819 4291 a
1848 4231 2016 4308 praedictis
2044 4247 2092 4291 se-

1342 4325 1485 4386 minariis
1508 4325 1588 4386 ritus
1610 4325 1697 4386 latini
1722 4325 1918 4396 liuiusmodi,
1942 4341 2023 4401 (puae
2045 4325 2092 4386 ul·

1344 4419 1442 4480 terius
1469 4435 1586 4496 pueros
1616 4417 1841 4480 italo-albanos
1873 4421 1954 4479 ritus
1988 4418 2092 4496 graeci

1342 4512 1510 4573 admittere
1542 4529 1607 4572 non
1639 4517 1846 4582 tenerentur,
1879 4512 2089 4589 separatione,

1341 4607 1479 4684 collegio
1515 4624 1531 4668 a
1567 4607 1676 4677 nobis,
1714 4612 1750 4667 ut
1785 4606 1985 4683 praefertur,
2023 4622 2092 4668 ere·

1342 4709 1409 4776 cto;
1434 4701 1512 4761 itaut
1533 4700 1730 4777 praedictum
1753 4699 1877 4776 aliaque
1900 4699 2092 4760 monasteria

1342 4804 1373 4856 ct
1396 4795 1548 4856 beneficia
1571 4793 1740 4855 existentia
1768 4793 1800 4854 in
1832 4793 1909 4854 locis
1932 4793 2092 4870 terrisque

1342 4887 1509 4966 praedictis
1531 4887 1817 4950 italo-albanorum
1839 4887 1991 4965 praedicti
2012 4887 2091 4948 ritus

1342 4981 1447 5058 graeci
1464 4997 1521 5060 pro
1537 4989 1683 5059 tempore
1705 4982 1886 5060 respective
1909 4981 2091 5042 obtinentes

1342 5082 1429 5136 taxas
1443 5075 1480 5136 ab
1497 5077 1542 5137 eis
1564 5075 1745 5138 seminariis
1767 5075 1849 5138 ritus
1870 5076 1958 5137 latini
1982 5075 2091 5136 liuius·

1342 5168 1440 5239 modi,
1464 5175 1500 5228 ut
1529 5167 1722 5246 praefertur,
1746 5167 1886 5246 persolvi
1916 5167 2034 5238 solitas,
2058 5167 2090 5226 in

1342 5267 1509 5340 posterum
1531 5261 1667 5338 collegio
1688 5261 1821 5332 anobis,
1839 5269 1875 5322 ut
1897 5259 2088 5339 praefertur,

1341 5355 1527 5416 huiusmodi
1549 5362 1657 5417 erecto
1679 5355 1865 5434 persolvere
1888 5354 2045 5416 deberent
2060 5361 2091 5414 et

1341 5455 1547 5520 tenerentur,
1575 5449 1685 5510 eadem
1712 5449 1881 5526 apostolica
1903 5450 2090 5510 auctoritate

1341 5551 1498 5620 motuque
1520 5543 1586 5622 pari
1609 5543 1703 5604 etiam
1731 5549 1887 5621 perpetuo
1915 5541 2089 5620 applicave-

1341 5636 1443 5696 rimus
1473 5643 1505 5697 et
1533 5636 1864 5714 appropriaverimus3
1897 5654 1930 5697 ac
1958 5638 2089 5712 insuper

1340 5747 1397 5792 nos
1420 5747 1579 5791 summam
1601 5746 1658 5791 sex
1680 5731 1818 5792 millium
1835 5739 1999 5793 scutorum
2022 5746 2089 5791 mo·

1341 5833 1433 5886 netae
1454 5839 1605 5886 romanae
1627 5823 1662 5886 ad
1687 5825 1835 5886 ellectum
1866 5823 1953 5886 illam
1983 5825 2015 5885 in
2044 5831 2090 5885 tot

1340 5919 1420 5979 bona
1450 5917 1570 5979 stabilia
1600 5929 1631 5980 et
1660 5918 1830 5980 utilitatem
1861 5937 1894 5980 ac
1921 5926 2089 5981 manuten-

2141 549 2194 604 An.
2208 549 2236 606 G.
2252 549 2324 605 1754
