4814 6992
264 561 267 566 ’
313 596 508 655 neonem
563 595 603 658 as

545 731 637 809 plena
660 729 794 809 Spiritus
826 729 932 794 Sancti
962 731 1082 792 virtute
1110 737 1231 794 crescat
1257 730 1290 792 in

543 831 753 902 augmentum
790 825 857 886 Dei.
894 823 1099 903 Percepimus
1131 824 1289 900 siquidem

544 933 616 980 curn
638 917 762 994 ingenti
791 917 981 996 apostolicae
1013 917 1150 980 laetitiae
1179 917 1291 979 iucun-

544 1009 640 1072 ditate
663 1016 693 1072 te
715 1010 830 1074 domus
851 1011 978 1073 Domini
1001 1011 1151 1072 decorem
1182 1009 1290 1086 regiae

544 1103 697 1167 maiestati
719 1104 967 1182 praeferentem,
991 1103 1024 1166 in
1039 1119 1078 1166 eo
1093 1109 1196 1166 toturn
1219 1117 1290 1164 ver-

544 1197 617 1270 sari,
641 1204 677 1260 ut
697 1204 823 1262 sanctae
854 1198 927 1260 lidei
956 1199 1156 1260 incremento
1184 1214 1219 1259 ac
1243 1213 1289 1258 se-

543 1291 670 1354 curitati
692 1292 871 1371 prospicias.
904 1291 992 1366 Quod
1021 1306 1174 1368 magnum
1203 1290 1289 1352 enirn

544 1401 622 1448 vero
644 1385 822 1480 sedulitatis
844 1391 972 1448 nostrae
993 1383 1143 1448 solatium
1165 1382 1291 1447 divinae

544 1479 677 1542 bonitati
698 1479 882 1549 reierimus,
906 1479 968 1550 cui,
992 1495 1065 1542 cnm
1089 1477 1291 1556 flagrantissi-

545 1574 605 1636 mis
621 1572 769 1651 precibus
783 1571 1006 1645 institerimus,
1020 1579 1055 1634 ut
1070 1571 1291 1650 providentiae

545 1674 672 1728 nostrae
691 1682 810 1744 pennas
826 1666 916 1728 daret
930 1666 1011 1727 sicut
1025 1665 1204 1736 columbae,
1228 1679 1292 1742 quo

544 1759 627 1822 istuc
647 1760 685 1821 ad
706 1775 777 1822 rein
799 1759 1001 1822 christianam
1025 1759 1184 1838 publicam
1208 1774 1293 1822 asse-

546 1850 678 1916 rendam
701 1851 917 1928 tuendamque
949 1853 1152 1924 convolaret,
1179 1851 1293 1930 placuit

545 1947 653 2010 zelum
675 1953 821 2008 nostrum
845 1945 973 2024 irnpleri
996 1946 1112 2024 pietate
1138 1963 1173 2008 ac
1194 1945 1293 2008 soler-

545 2042 585 2104 tia
607 2047 671 2104 tua.

584 2137 603 2210 ὅ
624 2135 653 2197 3.
677 2133 739 2196 llao
760 2149 853 2204 sane,
878 2133 1064 2196 charissime
1095 2133 1139 2196 lili
1162 2141 1290 2205 noster,

546 2229 737 2292 meritorum
761 2234 890 2289 tuorum
913 2227 1092 2290 accessione
1124 2225 1292 2289 tenerrimi

545 2337 621 2399 erga
644 2327 675 2384 te
696 2336 809 2384 sensus
838 2319 1017 2383 excitantur
1047 2320 1292 2383 benevolentiae

546 2421 684 2486 nostrae,
701 2421 747 2484 nt,
771 2413 925 2492 quidquid
942 2414 979 2475 ad
994 2413 1088 2490 regni
1110 2419 1163 2475 aut
1178 2415 1293 2474 domus

546 2515 618 2570 tuae
639 2507 778 2570 rationes
792 2511 925 2584 spectet,
942 2507 1127 2568 vehementi
1144 2513 1293 2585 paternae

545 2600 719 2664 voluntatis
734 2615 842 2661 amore
857 2600 1120 2677 complectamur.
1146 2598 1208 2662 Sed
1230 2613 1293 2660 ma-

545 2697 612 2758 iora
634 2702 665 2756 te
689 2700 819 2756 manent
845 2709 1004 2772 supernae
1038 2709 1170 2756 munera
1199 2693 1294 2773 largi-

547 2789 616 2852 tatis
639 2805 655 2849 a
677 2786 823 2859 Domino,
847 2786 902 2863 qni
931 2793 1157 2865 permanentes
1182 2788 1216 2849 in
1238 2805 1294 2867 spe

545 2899 580 2944 ac
601 2882 663 2944 lide
678 2879 849 2958 evangelii,
866 2887 995 2958 ereptos
1017 2880 1056 2944 de
1079 2888 1234 2958 potestate
1251 2888 1294 2943 te-

546 2976 732 3046 nebrarum,
757 2973 909 3035 translert
930 2973 962 3035 in
985 2989 1124 3050 regnum
1151 2973 1294 3036 tiliorum

546 3067 725 3133 dilectionis
753 3083 840 3129 snae.
876 3066 1025 3140 Quinimo
1057 3067 1084 3128 si
1113 3082 1226 3145 pergas
1252 3067 1294 3129 ei-

547 3164 620 3226 dem
643 3159 774 3238 obsequi
797 3165 992 3232 constanter,
1016 3177 1051 3222 ac
1072 3160 1137 3234 illa,
1162 3176 1223 3239 qua
1245 3175 1294 3222 re-

548 3271 621 3334 gem
645 3255 753 3326 decet,
778 3254 953 3332 probitate,
988 3253 1148 3316 retribuet
1172 3253 1294 3316 bltissi-

547 3365 620 3412 mus
643 3347 811 3410 thesauros
832 3347 1045 3421 absconditos,
1068 3354 1099 3410 et
1121 3361 1216 3424 quam
1239 3353 1294 3410 tuo

548 3441 641 3520 capiti
661 3441 815 3520 imposuit
836 3441 959 3518 galeam
982 3439 1113 3512 salutis,
1137 3440 1170 3503 in
1191 3455 1294 3517 regno

549 3534 693 3598 omnium
709 3535 909 3598 saeculorum
928 3533 1096 3613 multiplici
1109 3532 1230 3610 gloriae
1245 3549 1295 3595 co·

548 3645 626 3690 rona
657 3628 843 3691 cumulabit,
877 3627 965 3702 Quod
989 3635 1025 3690 ιιι
1045 3628 1113 3698 liat,
1148 3625 1294 3705 precibus

546 3722 678 3799 quidem
708 3721 825 3784 nostris
856 3720 1030 3784 abomino
1064 3719 1292 3797 llagitabintus,

546 3815 613 3877 imo
636 3822 668 3876 et
689 3813 836 3876 luturum
858 3814 914 3876 tibi
936 3813 969 3875 in
984 3813 1085 3876 verbo
1101 3813 1181 3886 eius,
1205 3814 1295 3876 cuius

547 3908 646 3972 verba
667 3913 836 3970 aeternum
860 3915 1010 3979 manent,
1034 3907 1095 3970 iam
1121 3924 1207 3970 nunc
1229 3907 1295 3986 pol·

546 4006 693 4069 licemur.
830 4009 837 4024 ·
1251 4073 1252 4076 ¹

587 4101 655 4178 §b
680 4098 812 4162 lnterim
836 4097 991 4160 maiestati
1014 4105 1085 4160 tuae
1100 4107 1132 4161 ct
1153 4099 1293 4176 coniugi,

548 4196 656 4275 regiae
679 4193 804 4273 pietatis
819 4192 970 4266 consorti,
989 4191 1164 4271 liberisque
1186 4193 1222 4255 ad
1245 4209 1296 4272 pa-

548 4291 690 4355 rentium
711 4287 924 4350 imitationem
952 4289 1085 4365 egregie
1113 4287 1295 4350 adolescen-

549 4386 644 4455 tibus,
667 4400 701 4446 ιιι
723 4397 825 4460 regno
846 4381 899 4443 isti
926 4381 1099 4454 universo,
1129 4383 1215 4458 quod
1245 4397 1295 4460 pa·

549 4489 640 4544 terne
662 4477 844 4554 diligimus,
868 4475 1072 4554 apostolicam
1102 4475 1296 4540 benedictio-

548 4589 622 4636 nem
644 4569 863 4632 amantissime
885 4569 1102 4648 impertimur.

587 4666 700 4728 batum
722 4663 852 4735 Rornae,
878 4663 959 4740 apud
988 4661 1019 4725 S.
1045 4661 1172 4726 llariam
1204 4664 1296 4726 llaio·

548 4775 629 4832 rem,
646 4758 705 4821 sub
720 4755 839 4820 annulo
856 4755 1031 4830 Piscatoris,
1056 4758 1107 4819 die
1130 4774 1197 4819 ιιιιι.
1219 4773 1294 4821 nov.

548 4869 697 4924 noctiis..
721 4850 921 4930 pontificatus
945 4851 1047 4914 nostri
1068 4867 1152 4914 anno
1174 4867 1205 4914 x.

897 5320 948 5384 vt.

547 5513 648 5594 Sapor
678 5510 870 5575 subiectione
901 5513 1132 5574 nonnullorum
1163 5529 1296 5576 cantoen-

587 5613 678 5668 tcttm
700 5605 919 5668 iurisdictioai
944 5603 1113 5668 Ordinante·
1133 5612 1296 5684 tempranen

588 5699 675 5764 Sedis
697 5700 894 5782 Apostolicoe
916 5699 1051 5780 delegati
1072 5699 1212 5780 disponit
1237 5701 1249 5782 (
1271 5699 1293 5779 ).

1063 613 1129 660 tun.
1153 613 1245 660 PONT.
1269 615 1309 660 DE
1332 616 1361 660 P.
1385 615 1414 660 p,
1439 613 1522 659 PARS
1544 615 1566 658 l.

1521 751 1776 822 innocfittttts
1799 753 1861 820 ΡΡ.
1886 752 1919 818 tt.

1465 915 1501 982 ad
1524 921 1698 1000 perpetuata
1724 915 1768 982 rei
1792 915 1971 982 memorien.

1386 1105 1404 1180 ἓ
1428 1105 1454 1166 l.
1479 1104 1574 1167 Utin
1597 1106 1702 1184 parvis
1725 1106 1924 1184 regularium
1946 1105 2095 1168 virorum

1346 1198 1559 1261 conventibus
1580 1199 1610 1279 (a
1624 1199 1821 1262 sanctissimo
1837 1199 1968 1261 domino
1983 1205 2095 1290 nostro
2183 1244 2185 1249 -

1345 1291 1533 1354 Innocentio
1555 1293 1633 1372 Papa
1649 1294 1686 1356 ll.
1704 1293 1736 1356 in
1758 1293 1997 1366 constitutione,
2014 1307 2095 1370 quae

1347 1383 1457 1463 incipit
1480 1385 1728 1457 lastonroadae,
1746 1386 1886 1466 primum
1902 1385 2094 1464 suppressis,

1347 1494 1381 1540 ac
1396 1478 1523 1552 deinde,
1542 1479 1579 1541 ad
1595 1480 1694 1558 ipsius
1709 1479 1946 1542 constitutionis
1963 1479 2093 1551 limites,

1348 1571 1388 1633 ob
1411 1571 1614 1634 rationabiles
1637 1589 1755 1645 causas,
1780 1573 1812 1634 in
1841 1571 2014 1651 pristinum
2035 1578 2096 1633 sta-

1350 1671 1417 1726 tum
1440 1664 1623 1741 regularem
1647 1666 1802 1728 restitutis
1825 1672 1857 1727 et
1871 1665 1945 1744 ipsis
1967 1663 2096 1742 religio-

1349 1758 1442 1820 nibus
1465 1757 1504 1820 de
1527 1774 1612 1820 novo
1632 1758 1804 1838 concessis)
1826 1755 1925 1838 plcet
1945 1758 2097 1837 religiose

1349 1852 1486 1924 vivatur,
1511 1869 1545 1914 ac
1566 1853 1726 1930 regularia
1748 1853 1908 1925 instituta,
1939 1867 2003 1930 quo
2025 1869 2097 1915 exa-

1349 1945 1429 2006 ctius
1452 1945 1522 2006 tieri
1544 1951 1659 2024 potest,
1690 1944 1916 2018 observentur,
1944 1944 2097 2010 Sanctitas

1350 2037 1486 2112 Suasit
1512 2038 1670 2101 sententia
1696 2037 1807 2102 Sacrae
1829 2039 2097 2118 Congregationis

1348 2147 1446 2211 super
1457 2138 1540 2194 statu
1553 2131 1764 2209 regularium,
1779 2148 1892 2196 omnes
1907 2139 1940 2195 et
1951 2133 2096 2210 singulos

1349 2233 1527 2288 conventus
1548 2225 1744 2298 huiusmodi,
1768 2226 1822 2300 sic,
1847 2235 1882 2289 ut
1903 2226 2094 2304 praelertnr,

1348 2319 1515 2382 restitutos
1537 2326 1569 2381 et
1590 2335 1768 2392 concessos,
1796 2320 1828 2382 in
1851 2320 1965 2382 litteris
1988 2321 2025 2382 ab
2048 2337 2097 2382 ea·

1349 2413 1423 2474 dem
1439 2411 1531 2475 Sacra
1545 2411 1804 2490 congregatione
1819 2414 2027 2492 expediendis
2041 2430 2096 2476 no-

1350 2508 1493 2568 minatim
1517 2507 1763 2585 exprimendos,
1795 2523 1829 2570 ac
1855 2523 2007 2585 personas
2033 2515 2095 2569 tant

1349 2600 1515 2677 regulares
1537 2616 1632 2677 quarn
1649 2601 1810 2662 seculares
1825 2601 1858 2664 ln
1874 2602 1920 2690 eis
1942 2603 2097 2680 degentes

1349 2691 1534 2763 visitationi,
1558 2691 1750 2754 correctioni
1773 2698 1805 2754 et
1826 2693 2028 2758 omnimodae
2050 2696 2096 2758 iu-

1349 2784 1526 2847 risdictioni
1547 2782 1704 2847 Ordinarii
1726 2785 1798 2858 loci,
1816 2793 1978 2864 tamquam
1999 2805 2096 2868 snper

1349 2878 1410 2940 hcc
1424 2895 1441 2939 a
1456 2877 1539 2942 Sede
1553 2877 1733 2956 Apostolica
1755 2879 1904 2957 delegati,
1921 2884 2097 2959 praesentis

1350 2971 1471 3033 decreti
1487 2977 1610 3042 tenore,
1629 2970 1724 3049 plene
1738 2971 1771 3033 in
1788 2973 1937 3036 omnibus
1949 2975 2095 3048 subiecit,

1349 3083 1384 3129 ac
1405 3065 1562 3128 subiectas
1584 3081 1655 3127 esse
1676 3063 1859 3139 declaravit,
1893 3068 1995 3130 donec
2015 3069 2097 3147 ipso-

1350 3175 1421 3220 rum
1445 3157 1588 3220 redditus
1611 3173 1755 3236 eousque
1768 3160 1892 3222 adaucti
1913 3159 2098 3234 succintus

1350 3253 1383 3314 in
1418 3251 1464 3313 eis
1496 3252 1665 3313 commode
1695 3253 1869 3314 sustentari
1895 3254 2041 3328 valeant,
2066 3264 2098 3318 et

1350 3359 1423 3408 cum
1446 3344 1560 3406 ellectu
1578 3349 1814 3418 sustententur,
1833 3345 2002 3410 duodecim
2024 3349 2097 3410 reli-

1350 3437 1430 3513 giosi
1451 3437 1489 3498 ad
1510 3437 1757 3514 apostolicorum
1782 3439 1986 3503 decretorum
2010 3457 2098 3521 prae-

1350 3530 1516 3610 scriptum,
1540 3529 1637 3606 idque
1659 3530 1765 3593 eidem
1788 3529 1900 3594 Sacrae
1915 3533 2098 3614 Congrega-

1351 3622 1430 3686 tioni
1450 3621 1596 3700 legitime
1618 3623 1808 3696 constiterit,
1825 3632 1857 3686 et
1878 3627 1947 3687 eius
1968 3629 2098 3692 decreto

1350 3719 1383 3778 in
1405 3705 1541 3794 singulis
1563 3717 1825 3794 contingentibus
1851 3720 1973 3782 casibus
1996 3722 2097 3785 decla·

1351 3817 1456 3872 ratum
1488 3809 1601 3883 luerit,
1635 3827 1700 3873 non
1725 3810 1829 3874 aliter.
1862 3811 1987 3876 lnterea
2019 3831 2098 3878 vero

1351 3903 1454 3966 voluit
1476 3902 1629 3966 Sanctitas
1651 3903 1713 3966 Sua
1735 3913 1771 3968 ut
1784 3906 1817 3968 in
1832 3921 1946 3969 eorum
1961 3909 2098 3986 singulis

1350 3997 1391 4060 ali
1413 3998 1550 4060 debeant
1570 4005 1603 4060 et
1624 4014 1659 4058 re
1680 3999 1746 4077 ipsa
1760 4000 1885 4064 alantur
1907 4019 1964 4064 sex
1985 4003 2098 4066 saltem

1351 4091 1495 4170 religiosi
1507 4093 1657 4170 probatae
1668 4093 1763 4166 vitae,
1778 4111 1816 4156 ex
1832 4095 1949 4173 quibus
1961 4103 2099 4174 quatuor

1351 4189 1388 4250 ad
1404 4189 1511 4250 minus
1533 4191 1597 4252 sint
1611 4193 1791 4254 sacerdotes
1808 4199 1950 4254 maturae
1968 4195 2096 4271 aetatis;

1351 4293 1492 4371 alioquin
1515 4292 1613 4370 gratia
1637 4293 1848 4356 restitutionis
1871 4301 1903 4357 et
1923 4298 2098 4360 concessio-

1352 4389 1400 4450 nis
1432 4387 1617 4450 buiusmodi
1653 4387 1740 4450 nulla
1762 4387 1803 4450 sit
1831 4396 1863 4450 et
1888 4389 2042 4464 invalida,
2067 4400 2099 4456 et

1351 4479 1509 4544 Ordinarii
1531 4483 1676 4546 locorum
1699 4483 1731 4544 in
1753 4482 1816 4545 illis
1839 4485 1956 4562 exequi
1976 4488 2100 4564 possint

1352 4594 1385 4638 ac
1407 4577 1545 4640 debeant
1565 4593 1600 4639 ea
1622 4577 1748 4650 omnia,
1772 4593 1853 4654 quae
1882 4579 1914 4640 in
1936 4580 2004 4641 aliis
2025 4597 2098 4644 con-

1352 4669 1501 4733 ventibus
1528 4670 1640 4733 itidem
1665 4672 1844 4751 suppressis
1867 4688 1924 4750 per
1951 4676 2097 4738 eamdent

1352 4765 1615 4828 constitutionem
1643 4764 1703 4843 ipsi
1736 4765 1993 4842 demandantur,
2028 4785 2098 4848 per-

1352 4859 1426 4921 inde
1448 4857 1529 4920 acsi
1552 4859 1651 4935 gratia
1681 4859 1858 4936 praedictae
1887 4863 2097 4928 restitutionis

1353 4961 1385 5016 et
1405 4952 1617 5016 concessionis
1639 4967 1704 5014 non
1726 4963 1915 5018 emanasset.

1392 5047 1454 5123 §²-
1472 5045 1616 5123 lnsuper,
1631 5043 1704 5122 quia
1717 5046 1809 5109 multi
1820 5055 1896 5111 sunt
1907 5059 2096 5127 conventus,
2116 5061 2339 5156 etatifl'l'¹'¹''¹¹¹¹¹'

1353 5142 1385 5204 in
1407 5140 1535 5219 quibus,
1559 5140 1618 5201 etsi
1642 5139 1800 5218 praefixus
1821 5140 1920 5206 luerit
1940 5160 2097 5210 numerus

1352 5234 1581 5311 religiosorum
1610 5231 1769 5294 sufficiens
1797 5235 1833 5296 ad
1863 5236 2096 5302 observantiam

1352 5327 1510 5404 regularis
1542 5325 1747 5404 disciplinae,
1771 5328 1943 5392 etidcirco
1973 5332 2005 5394 in
2026 5349 2099 5412 sup-

1353 5421 1517 5500 pressione
1538 5419 1694 5482 antedicta
1715 5437 1780 5484 non
1809 5422 1931 5486 luerint
1955 5441 2099 5504 compre·

1352 5515 1456 5586 transi,
1475 5513 1697 5587 nibilominus,
1714 5514 1781 5576 sive
1799 5516 1839 5578 ob
1854 5517 2038 5580 reddituum
2054 5521 2099 5582 di-

1352 5609 1577 5680 minutionem,
1590 5607 1658 5670 sive
1671 5607 1711 5670 ob
1726 5610 1931 5688 superiorum
1943 5612 2098 5676 incuriam

1351 5702 1403 5764 vel
1426 5701 1541 5764 malam
1563 5701 1882 5774 administrationem,
1900 5705 1967 5768 sive
1991 5706 2030 5768 ob
2052 5723 2099 5768 ca-

587 5943 618 5998 (l)
634 5943 704 5988 idern
720 5942 904 5989 sanctissimus
919 5942 1038 5987 Pontifex
1053 5941 1199 5998 suppressit
1213 5953 1308 5999 parvos
1322 5947 1475 5999 conventus,
1489 5944 1679 5990 constitutione
1693 5955 1761 6002 quae
1779 5945 1873 6003 incipit
1887 5950 2096 5999 lmtanrartdae

546 6019 614 6066 qnae
629 6009 710 6055 etiarn
726 6009 751 6054 in
767 6008 902 6066 praesenti
915 6007 1106 6054 constitutione
1121 6008 1229 6055 citatur.

2137 1119 2244 1163 statuta
2261 1117 2344 1162 alias

2132 1171 2238 1216 eclarnc.
