4836 7002
347 606 398 664 Aa.
412 607 440 664 G.
454 607 523 664 teto
579 606 639 670 230

559 749 627 805 ceat
647 743 728 805 banc
749 743 897 822 paginam
912 754 1039 810 nostrae
1059 744 1306 822 suppressimus,

559 837 774 908 extinctionis,
797 837 1035 908 annullationis‚
1053 837 1309 900 dismembratio·

560 932 620 1000 nis,
644 929 877 1002 disiunctionis,
903 931 1122 1008 separationis,
1155 947 1309 1008 aggrega·

560 1023 671 1093 tionis,
696 1023 841 1094 unionis,
866 1025 1056 1097 erectionis,
1079 1025 1307 1104 applicationis,

559 1117 875 1196 circumscriptionis,
889 1119 1115 1192 concessionis,
1125 1120 1310 1198 assignatio-

560 1210 620 1282 nis,
641 1211 1105 1284 subiectionis,attributionis,
1126 1215 1247 1284 statuti,
1263 1213 1310 1276 in-

560 1304 653 1376 dulti,
669 1303 901 1377 declarationis,
919 1305 1145 1384 deputationis,
1162 1309 1311 1369 commis·

560 1399 670 1470 sionis,
694 1399 844 1470 mandati,
877 1399 1008 1472 decreti,
1039 1401 1254 1478 derogationis
1277 1419 1310 1464 ac

560 1489 735 1554 voluntatis
757 1490 947 1569 iniringere,
971 1493 1024 1556 rel
1057 1493 1085 1556 ei
1111 1510 1188 1556 ausu
1212 1501 1311 1557 teme-

561 1585 645 1647 raria
666 1585 838 1660 contraire3
860 1585 886 1646 si
908 1586 979 1662 quis
1000 1594 1107 1650 autern
1130 1589 1190 1650 boc
1211 1595 1311 1650 atten-

561 1685 628 1741 tare
651 1679 913 1756 praesumpserit,
932 1680 1185 1758 indignationem
1209 1681 1311 1743 omui-

562 1773 700 1850 potentis
723 1771 778 1833 Dei
801 1788 835 1833 ac
857 1771 1024 1836 beatorum
1052 1774 1136 1836 Petri
1165 1785 1197 1840 et
1224 1775 1311 1838 Pauli

561 1864 788 1943 Apostolorum
811 1865 880 1927 eius
895 1881 930 1928 se
945 1869 1072 1930 noverit
1090 1869 1309 1933 incursurum.

601 1959 714 2022 Datum
737 1959 865 2031 llomae,
896 1961 978 2038 apud
1006 1959 1037 2023 S.
1062 1961 1191 2024 Mariam
1219 1963 1311 2026 llaio·

562 2071 642 2127 reru,
662 2070 712 2116 an.
733 2053 887 2116 incarnat.
909 2053 1091 2118 Dominicae
1108 2072 1309 2130 uncccuur,

562 2165 604 2210 rr.
629 2149 691 2210 kal.
716 2164 803 2226 aug,
828 2148 1030 2226 pontillcatus
1053 2150 1153 2212 nestri
1175 2167 1258 2212 anno
1274 2168 1309 2214 n.

920 2433 956 2496 ll.

809 2617 1066 2686 decutiunt

644 2807 842 2872 Vicariatam
864 2809 1071 2888 apostaticam
1091 2809 1234 2874 instituit

701 2903 735 2964 ia
757 2902 889 2964 diaecesi
911 2901 1048 2965 Sanctae
1070 2901 1171 2965 Fidei.

602 3091 645 3152 Ea
667 3099 716 3152 est
738 3089 868 3153 Sanctae
889 3091 976 3154 Fidei
999 3093 1153 3154 dioecesis
1173 3093 1206 3154 iu
1222 3092 1315 3154 Aure-

563 3185 625 3246 rica
639 3183 836 3247 lleridicuali
846 3186 974 3249 vastitas
985 3186 1236 3265 provinciarum,
1247 3186 1315 3263 qui-

563 3279 621 3340 bus
643 3279 710 3356 ipsa
724 3286 856 3352 constat,
875 3279 1092 3357 longinquitas
1108 3290 1141 3344 et
1162 3281 1315 3342 itinerum

563 3372 741 3442 difficultas,
764 3379 801 3434 ut
821 3373 858 3434 ad
874 3375 1126 3436 commodiorem
1151 3390 1315 3436 sacrorum

564 3467 822 3544 procurationem
846 3473 879 3529 et
900 3467 935 3528 ad
958 3467 1141 3530 infidelium
1169 3467 1234 3531 illic
1263 3469 1316 3531 de-

564 3560 709 3637 gentium
730 3560 975 3624 conversionem
997 3579 1061 3624 nan
1078 3579 1160 3625 unus
1176 3563 1231 3625 sed
1248 3563 1317 3642 plu-

564 3669 616 3714 res
637 3653 702 3716 illic
724 3654 895 3715 necessarii
916 3665 1108 3718 censeantur
1137 3656 1314 3719 antistites.

563 3747 645 3810 (lum
674 3763 764 3817 vero,
793 3756 913 3811 attenta
944 3751 1101 3826 praesenti
1133 3760 1315 3829 temporum

564 3841 758 3912 conditione,
775 3842 1007 3906 cathedralium
1023 3845 1229 3907 ecclesiaram
1246 3861 1318 3908 ere·

565 3936 627 3996 ctio
649 3935 712 3997 illis
734 3935 766 3998 in
788 3936 931 4014 partibus
954 3938 1004 4001 bic
1027 3945 1059 4000 et
1074 3954 1159 4001 nunc
1179 3940 1317 4001 obtineri

565 4037 714 4105 nequeat,
745 4030 781 4090 ad
811 4030 1057 4104 consulendum,
1093 4033 1221 4094 meliori
1252 4048 1317 4110 qua

565 4123 635 4184 lieri
658 4129 764 4200 posset
785 4124 903 4197 medio,
929 4125 1084 4202 spirituali
1108 4126 1239 4188 illorum
1263 4143 1316 4205 pa·

566 4215 717 4294 palorum
733 4217 828 4286 bono,
844 4216 961 4296 placuit
975 4220 1098 4280 interea
1117 4221 1317 4283 sanctissimo

566 4310 697 4372 damino
726 4319 835 4372 nostro
866 4309 1022 4388 Gregorio
1048 4311 1140 4385 xiil..
1174 4314 1317 4377 Pontillci

567 4403 714 4475 llanimc,
732 4403 763 4464 in
780 4413 956 4466 memorata
972 4403 1103 4468 Sanctae
1125 4406 1212 4469 Fidei
1231 4409 1318 4469 dioe-

566 4496 629 4558 cesi
666 4503 860 4574 perpetuum
890 4498 922 4558 in
958 4499 1091 4560 modurn
1125 4499 1317 4580 Episcopum

567 4590 769 4652 constabilire
793 4590 953 4653 titularem
977 4593 1008 4653 in
1036 4593 1179 4670 partibus
1207 4596 1318 4658 inside-

567 4683 658 4756 lium,
682 4701 720 4745 eo
744 4685 932 4762 praesertim
955 4687 1087 4749 consilio
1116 4705 1167 4760 ue,
1191 4691 1318 4765 quando

567 4779 608 4840 sit
629 4786 661 4840 et
682 4783 745 4856 ipsa
761 4781 892 4841 ecclesia
908 4781 1034 4842 viduata
1055 4782 1215 4854 antistite,
1236 4784 1319 4846 desit

567 4873 623 4949 qui
645 4872 706 4932 rite
728 4879 907 4949 exequatur
935 4881 1047 4936 cuncta
1079 4875 1132 4938 illa
1161 4891 1242 4953 quae
1269 4895 1318 4940 or-

567 4965 649 5027 dinis
679 4973 755 5027 sant
782 4965 980 5044 episcopalis.
1014 4965 1169 5030 Omnibus
1201 4971 1318 5034 idcirco

568 5066 693 5121 mature
715 5059 891 5137 perpensis,
916 5077 967 5122 me
989 5061 1190 5141 inlrascripto
1207 5063 1318 5128 Sacrae

567 5153 834 5230 Gangregatianis
870 5155 1007 5230 negotiis
1046 5157 1318 5222 consistorialibus

568 5249 765 5326 praepositae
795 5249 967 5310 secretario
999 5248 1172 5324 relerente,
1207 5254 1317 5316 eadem

568 5341 734 5404 Beatitudo
756 5357 811 5402 sua
834 5341 864 5404 in
890 5343 1051 5418 provincia
1067 5345 1222 5408 Casanare
1238 5363 1318 5410 nun·

568 5441 689 5512 cupata,
700 5435 837 5497 dioecesi
852 5433 983 5499 Sanctae
996 5437 1094 5511 Eidei,
1107 5439 1319 5517 suffraganea·

569 5536 635 5590 turn
650 5529 839 5604 erigendum
854 5530 997 5592 decrerit
1013 5547 1070 5609 pro
1082 5549 1147 5595 uno
1163 5533 1318 5612 Episcopo

569 5622 689 5686 titulari
704 5622 737 5684 in
754 5624 895 5700 partibus
911 5625 1102 5698 infidelium,
1120 5629 1174 5705 qui
1190 5628 1222 5690 in
1238 5627 1318 5691 dicta

571 5716 730 5794 provincia
752 5716 907 5781 Casanare
929 5719 1034 5796 degat,
1066 5728 1099 5781 et
1126 5727 1188 5782 tam
1219 5723 1251 5783 in
1282 5739 1318 5785 ea

569 5823 664 5886 quam
691 5809 723 5870 in
746 5810 814 5871 aliis
843 5813 1027 5889 provinciis,
1052 5829 1109 5891 pra
1131 5815 1235 5876 lubitu
1262 5817 1318 5878 Ar·

569 5903 762 5982 cbiepiscopi
791 5921 848 5983 pro
880 5913 1026 5984 ternpore
1055 5906 1186 5970 Sanctae
1217 5909 1315 5982 Fidei,

570 5995 760 6075 pontificalia
781 5998 905 6077 aliaque
928 6001 1048 6074 munia,
1072 6015 1153 6078 quae
1168 6002 1316 6065 ordinem

1081 627 1146 672 tuit.
1169 626 1262 672 PONE.
1285 625 1326 672 ΒΕ
1348 626 1378 672 1³.
1402 626 1432 672 Ι.
1456 625 1540 672 PARS
1561 626 1583 670 l.

1365 744 1538 821 requirunt
1552 741 1778 820 episcopalem,
1791 746 1950 812 exerceat,
1963 739 2042 804 data
2058 739 2116 802 Ar-

1364 837 1559 918 abiepisccpa
1580 835 1751 916 facultate,
1768 835 1888 914 quatias
1903 833 1961 896 bac
1980 833 2116 913 afficiam

1365 947 1481 994 cacare
1506 929 1688 1011 contigerit,
1720 927 1925 1008 supplicandi
1956 943 2012 1008 pra
2047 927 2117 990 aira

1364 1023 1574 1086 ecclesiastico
1596 1023 1719 1086 meritis
1740 1027 1769 1084 et
1791 1019 2002 1100 qualitatibus
2036 1039 2117 1084 aam-

1365 1117 1524 1186 maadata‚
1541 1117 1595 1195 qai
1614 1116 1656 1180 ad
1671 1116 1704 1179 id
1719 1117 1862 1178 muneris
1878 1114 2117 1178 adsciscendum

1366 1211 1536 1274 censuerit.
1560 1211 1599 1273 Ut
1621 1218 1728 1274 tamen
1750 1211 1924 1289 Episcopus
1951 1225 2009 1288 pro
2038 1217 2119 1272 tem-

1366 1320 1444 1384 pore
1466 1305 1687 1382 suffraganeus
1715 1321 1792 1368 suae
1820 1304 1984 1382 dignitatis
2013 1303 2118 1382 splen-

1366 1401 1478 1463 dorem
1502 1415 1538 1461 ea
1559 1413 1621 1476 qua
1645 1414 1699 1476 par
1721 1405 1769 1461 est
1791 1397 1935 1463 decentia
1958 1399 2042 1461 tueri
2067 1412 2118 1460 va-

1367 1492 2118 1570 leat,idemSanctissimusDominuscougruam

1365 1596 1531 1652 scutorum
1563 1603 1618 1650 sex
1656 1585 1794 1648 millium
1831 1602 1929 1665 super
1960 1586 2117 1649 tractibus

1367 1681 1598 1762 episcopalibus
1620 1696 1751 1744 mensae
1774 1678 1905 1743 Sanctae
1923 1679 2011 1742 Eidei
2026 1687 2118 1758 quot·

1366 1776 1456 1838 annis
1491 1773 1772 1854 percipiendorum
1804 1773 1909 1835 eidem
1941 1773 2119 1836 attribuere

1367 1870 1515 1948 diguatus
1544 1874 1602 1930 est.
1633 1867 1698 1929 Hoc
1728 1881 1824 1944 porro
1853 1867 2024 1929 erectionis
2053 1866 2118 1929 sul-

1368 1963 1568 2040 lraganeatas
1590 1961 1768 2030 decretum,
1786 1959 1920 2037 perinde
1936 1960 2118 2024 babendum

1367 2073 1401 2118 ac
1422 2055 1448 2116 si
1476 2054 1587 2117 literae
1614 2053 1806 2132 apostolicae
1826 2053 1859 2116 iu
1882 2053 1912 2116 id
1941 2054 2020 2116 latae
2044 2054 2120 2118 luis·

1367 2157 1449 2222 seni,
1474 2148 1525 2212 edi
1552 2155 1583 2210 et
1614 2147 1646 2210 in
1676 2146 1797 2209 actibus
1830 2147 1975 2211 eiusdem
2007 2147 2120 2213 Sacrae

1367 2241 1636 2321 dongragationis
1656 2241 1886 2304 concistorialis
1901 2241 2016 2305 relerri
2034 2259 2120 2307 mau-

1368 2337 1464 2428 darit,
1488 2335 1656 2398 contrariis
1685 2334 1943 2412 quibuscamque
1970 2352 2035 2398 uon
2065 2337 2120 2400 ob·

1366 2431 1535 2494 stantibus.

1408 2525 1521 2588 Datum
1554 2523 1682 2595 Romae,
1713 2523 1765 2586 die
1793 2539 1824 2584 x.
1850 2523 1970 2586 mensis
1992 2523 2119 2588 decern·

1368 2620 1434 2681 bris
1455 2634 1539 2681 auno
1561 2616 1682 2680 damini
1701 2632 1940 2689 uucccuxxnr,
1958 2617 2120 2695 pontifica-

1371 2722 1419 2776 tus
1442 2711 1543 2776 nostri
1566 2727 1648 2773 auno
1667 2727 1716 2772 nr.

1686 2846 1843 2908 Auarsrus
1864 2845 1990 2908 Fnuzza

1570 2953 1832 3034 Aa=cbteptscopaa
1857 2952 2119 3018 Cbalcedaaeasis

1638 3061 1669 3124 S.
1698 3059 1812 3141 donar.
1837 3059 2047 3126 Secretartaa.

1722 3371 1773 3436 lll.

1373 3565 1417 3626 lle
1437 3563 1633 3643 acerraptiaae
1651 3561 1842 3624 monialium
1857 3559 2017 3624 Benedici.
2036 3563 2123 3642 apud

1415 3656 1617 3737 donnicatas
1632 3656 1667 3718 in
1685 3655 1801 3736 dagila
1816 3672 1837 3718 a
1854 3654 1916 3718 Via.
1934 3656 2040 3736 Apaat.
2059 3655 2121 3717 dis-

1410 3752 1512 3833 ponit.

1373 3937 1544 4005 venarabili
1573 3935 1662 4003 tratri
1691 3932 1785 4000 Petra
1807 3933 1976 4018 Augustino
1999 3932 2122 4012 Baines,

1414 4031 1563 4116 Episcopo
1590 4028 1713 4113 Sigana,
1737 4027 1858 4094 lliaario
1881 4027 2060 4110 dpaatolica
2082 4027 2123 4093 di·

1413 4127 1541 4194 strictae
1563 4121 1771 4190 Oecidentalis
1795 4119 1936 4204 angliae,

1548 4265 1767 4378 caesarias
1792 4309 1853 4375 er.
1878 4307 1951 4376 xri.

1591 4498 1779 4566 Venerabilis
1801 4499 1910 4578 trater,

1408 4597 1536 4664 salutem
1560 4599 1592 4661 et
1613 4592 1812 4678 apostolicam
1836 4593 2088 4660 benedictionem.

1413 4787 1432 4862 ἓ
1455 4785 1482 4846 l.
1506 4785 1696 4862 Accepimus
1718 4783 1840 4846 litteras
1855 4800 1871 4843 a
1886 4779 2124 4844 venerabilibus

1374 4879 1527 4942 iratribus
1550 4878 1680 4940 Vicariis
1712 4876 1901 4954 apostolicis
1931 4874 2065 4951 bugliae
2093 4879 2127 4935 et

1375 4973 1498 5036 Scotiae
1525 4973 1604 5052 (uuo
1627 4973 1757 5049 dempta
1780 4969 1906 5032 vicario
1928 4967 2038 5047 bpost.
2062 4968 2125 5030 iln-

1375 5067 1456 5145 gliae
1473 5063 1712 5143 Meridionalis),
1730 5081 1746 5124 a
1766 5061 1964 5125 fraternitate
1980 5069 2032 5124 tua
2046 5075 2124 5138 quo·

1374 5177 1437 5238 que
1454 5160 1558 5237 primo
1580 5158 1661 5230 loca,
1675 5164 1712 5219 ut
1725 5158 1853 5220 seniore
1867 5155 1953 5218 inter
1969 5171 2035 5226 aas,
2051 5153 2125 5215 sub-

1374 5256 1521 5331 signatae,
1536 5251 1666 5330 scriptas
1681 5251 1811 5327 quidem
1824 5250 1884 5312 sub
1897 5264 1927 5310 x.
1945 5247 2125 5310 decembris

1374 5347 1471 5426 elapsi
1492 5347 1577 5416 anni,
1603 5345 1694 5406 nobis
1715 5351 1822 5406 autem
1845 5342 1989 5406 nonnisi
2013 5356 2124 5402 mense

1374 5439 1488 5501 martio
1511 5439 1583 5500 anni
1615 5437 1776 5500 currentis
1808 5437 1956 5508 redditas,
1988 5449 2124 5512 quarum

1374 5536 1451 5596 baec
1473 5539 1521 5594 est
1541 5547 1680 5593 summa:

1414 5645 1435 5688 r.
1459 5626 1712 5704 Gonqueruntur
1734 5625 1793 5704 ipsi
1817 5622 1931 5686 Vicarii
1947 5625 1986 5687 de
2001 5631 2126 5702 aposto·

1374 5723 1434 5784 lico
1456 5721 1548 5783 brevi
1569 5737 1585 5780 a
1607 5720 1698 5781 nobis
1719 5721 1791 5782 dato
1814 5719 1864 5780 die
1886 5735 1951 5779 avr.
1975 5717 2044 5780 iulii
2073 5732 2127 5778 an·

1373 5831 1415 5877 uo
1448 5823 1688 5886 uocccaxnrn,
1712 5828 1777 5890 quo
1800 5813 2030 5874 monasterium
2059 5828 2127 5874 mo·

1374 5908 1505 5971 nialium
1521 5907 1800 5970 Benedictiuarum
1816 5905 1898 5982 apud
1919 5904 2128 5983 Canningtou

1372 6003 1406 6066 in
1428 6004 1489 6065 isto
1511 6010 1566 6065 tuo
1597 5999 1783 6064 occidentali
1813 6000 1970 6073 districtu,
2002 6005 2039 6062 ut
2060 5999 2127 6078 paci

2153 605 2204 662 An.
2217 603 2247 661 C.
2261 603 2336 661 {853
