4814 6998
834 595 1023 641 TRACTATUS
1046 595 1103 642 SEU
1125 597 1337 646 concubitura

310 714 411 778 lorma
435 715 651 794 perficiendis,
674 717 710 778 ad
736 715 988 792 uniuscuiusque
1011 733 1061 778 eo·

310 808 423 872 clasiae
446 825 518 872 oum
541 825 600 872 suo
626 809 764 888 capitulo
792 825 907 872 novam
937 811 1061 872 ordina·

310 901 431 964 tionem
453 919 487 964 ac
506 905 677 982 respectivi
705 903 857 967 territorii
881 903 1060 966 dioecesani

309 996 639 1074 circumscriptionem
665 998 855 1076 procedere,
878 997 1002 1074 aliaque
1028 1013 1061 1058 o·

310 1089 394 1150 mnia
418 1097 566 1168 utsupra
589 1093 732 1154 ordinata
759 1107 914 1169 peragere
940 1097 973 1154 et
1001 1099 1060 1152 sta-

310 1188 413 1254 tuere,
437 1183 581 1260 delegata
604 1184 661 1246 sibi
677 1185 847 1262 apostolica
860 1184 1058 1256 auctoritate,

310 1275 412 1337 libere
434 1293 467 1337 ao
489 1276 574 1340 licite
598 1282 696 1355 possit
711 1285 743 1340 et
762 1278 883 1352 valeat3
900 1285 994 1355 atque
1013 1279 1060 1340 ul-

310 1369 412 1430 terius
433 1369 502 1448 ipso
524 1371 689 1434 Francisco
712 1371 814 1448 Egoni
843 1371 997 1449 Episcopo
1019 1371 1060 1434 la·

310 1462 460 1524 cultatem
477 1463 596 1542 pariter
613 1465 797 1538 tribuimus,
815 1473 859 1538 ut,
878 1465 915 1526 ad
931 1463 1059 1542 plenam

311 1572 420 1620 rerum
436 1557 582 1620 omnium
598 1558 630 1620 in
646 1559 722 1622 locis
739 1560 926 1638 praesertim
941 1559 979 1622 ab
992 1559 1059 1621 eius

309 1651 481 1714 residentia
503 1653 636 1724 remotis
662 1653 926 1730 exequutionem,
950 1668 1060 1730 quam·

309 1760 448 1822 cumque
482 1762 648 1823 personam
683 1763 740 1808 seu
770 1763 922 1824 personas
951 1747 983 1808 iu
1011 1764 1059 1808 ec-

309 1836 480 1900 clesiastica
503 1839 659 1916 dignitate
681 1840 885 1902 constitutam
916 1840 965 1902 vel
987 1857 1061 1902 cou-

309 1932 434 1995 stitutas
456 1932 679 2010 subdelegare,
703 1939 822 1995 actam
850 1934 929 2010 ipse,
963 1950 1058 2012 quam

311 2026 518 2104 personaret
542 2043 696 2104 personae
727 2027 764 2088 ab
787 2029 889 2089 eosic
911 2029 1059 2091 subdele-

311 2121 410 2197 ganda
433 2121 484 2182 vel
506 2121 776 2198 subdelegandae,
796 2138 892 2199 super
909 2137 1059 2199 quacum-

309 2229 373 2290 que
395 2213 596 2291 oppositioue
618 2215 650 2275 iu
672 2221 742 2276 actu
759 2217 985 2293 exequutionis
1001 2217 1060 2278 hu·

309 2309 445 2372 iusmodi
462 2309 706 2388 quomodolibet
721 2309 827 2372 lorsan
844 2311 977 2384 oritura,
992 2327 1059 2372 ser-

309 2405 387 2464 vatis
411 2410 516 2464 tamen
539 2404 578 2464 de
599 2403 671 2464 iore
692 2403 869 2476 servandis,
894 2404 988 2466 eiiam
1006 2404 1059 2466 de-

310 2497 432 2558 linitive
448 2503 480 2557 et
495 2511 696 2574 quacumque
712 2496 923 2574 appellatione
935 2504 1059 2560 remota

309 2591 518 2668 pronuntiare
541 2588 643 2652 libere
665 2591 742 2652 item
764 2607 798 2652 ao
820 2589 905 2652 licite
938 2591 1060 2668 possint

309 2691 342 2746 et
361 2683 498 2756 valeant,
523 2700 557 2746 ac
578 2683 715 2760 quilibet
737 2699 849 2745 eorum
880 2685 1059 2763 respective

309 2778 407 2856 possit
429 2785 462 2838 et
482 2777 597 2838 valeat.

348 2869 437 2946 §2⁶-
462 2869 575 2932 Eidem
597 2871 730 2947 insuper
758 2871 923 2932 Francisco
954 2870 1057 2948 ligoni

310 2961 463 3043 Episcopo
485 2979 638 3041 expresse
657 2963 867 3041 iniungimus,
892 2971 926 3026 ut
949 2981 1058 3026 exem-

310 3059 358 3139 pla
370 3059 574 3136 singulorum
588 3067 744 3130 actorum.
759 3066 821 3122 tam
834 3075 891 3138 per
902 3075 948 3132 se,
962 3075 1056 3138 quam

310 3170 367 3233 per
380 3170 456 3216 suos
468 3153 692 3230 subdelegatos
706 3155 737 3215 in
751 3153 865 3216 barum
876 3153 1057 3217 litterarum

310 3249 562 3326 exequutionem
583 3248 868 3318 conficiendorum,
886 3248 968 3310 intra
984 3265 1058 3326 qua-

308 3342 515 3404 drimestrem
538 3341 576 3404 ab
598 3341 739 3419 ipsarum
763 3341 886 3420 expleta
917 3357 1058 3420 exequu-

309 3437 395 3500 tione
418 3436 453 3497 ad
488 3434 702 3512 apostolicam
725 3433 841 3498 Setiam
864 3436 897 3499 iu
925 3436 1057 3498 authen-

309 3528 367 3590 tica
379 3527 481 3590 forma
497 3527 700 3598 transmittat,
714 3527 746 3588 in
759 3527 901 3590 archivio
915 3525 1058 3606 Congre-

309 3622 444 3699 gationis
467 3621 564 3684 rebus
596 3621 867 3684 consistorialibus
899 3623 1058 3700 praeposi·

309 3724 358 3778 tae
380 3716 419 3778 de
442 3731 532 3778 more
553 3716 753 3777 asservando.

346 3809 436 3885 527.
460 3809 646 3870 Praesentes
678 3817 786 3871 autem
815 3809 939 3872 litteras
973 3816 1004 3871 et
1026 3809 1057 3871 iu

308 3903 353 3964 eis
371 3909 521 3965 contenta
537 3919 571 3963 ac
581 3909 695 3966 statuta
711 3918 945 3980 quaecumque,
962 3903 1057 3966 etiam

308 4013 347 4058 ex
370 4012 419 4069 eo,
445 3996 529 4073 quod
552 3995 689 4072 quilibet
720 3996 751 4056 iu
783 3996 981 4074 praemissis,
1006 3999 1057 4060 vel

306 4089 339 4151 in
361 4104 475 4151 eorum
492 4088 609 4165 aliquo,
627 4089 675 4149 ius
695 4097 749 4150 aut
768 4089 924 4150 interesse
942 4089 1057 4152 baben-

308 4191 366 4254 tes,
391 4182 443 4244 vel
465 4183 709 4259 quomodolibet
731 4183 826 4246 etiam
849 4183 881 4244 iu
910 4183 1056 4246 luturum

308 4277 425 4338 babere
447 4277 706 4354 praetendentes,
724 4276 864 4336 cuiusvis
879 4284 990 4348 status,
1008 4294 1057 4338 or-

307 4371 400 4442 dinis,
424 4369 615 4433 conditionis
645 4379 676 4432 et
707 4370 989 4448 praeeminentiae,
1023 4388 1057 4434 ac

307 4465 401 4526 etiam
438 4462 603 4542 specifica,
641 4479 791 4541 expressa
828 4469 859 4524 et
893 4464 1057 4525 individua

307 4557 471 4620 mentione
503 4557 592 4634 digni
614 4557 687 4628 sint,
711 4556 774 4618 illis
802 4574 865 4619 uon
887 4574 1057 4619 consense-

307 4651 382 4722 riut,
398 4667 456 4712 seu
472 4651 557 4728 quod
573 4649 669 4727 aliqui
687 4667 726 4710 ex
741 4651 816 4728 ipsis
832 4651 867 4712 ad
885 4651 1056 4729 praemissa

307 4743 440 4805 minime
462 4743 576 4815 vocati,
601 4743 652 4804 vel
675 4743 770 4805 etiam
794 4743 974 4806 nullimode
1003 4751 1057 4805 aut

247 4827 252 4834 ’
307 4837 466 4900 nonsatis
489 4837 586 4899 auditi
609 4835 740 4910 luerint,
764 4837 831 4898 sive
853 4854 892 4899 ex
916 4835 1057 4914 qualibet

307 4931 401 4992 etiam
425 4929 573 4993 laesionis
596 4929 648 4991 vel
677 4928 736 4991 alia
757 4929 902 5000 iuridica,
927 4929 1056 5008 privile-

307 5025 388 5102 giata
417 5041 450 5086 ac
484 5023 773 5102 privilegiatissima
804 5040 906 5096 causa,
934 5023 1053 5096 colore,

307 5125 473 5196 praetextu
490 5126 522 5182 et
537 5118 648 5196 capite,
667 5118 761 5179 etiam
778 5119 810 5178 in
827 5133 962 5196 corpore
979 5119 1056 5179 iuris

305 5212 423 5283 clauso,
447 5212 537 5274 nullo
558 5226 700 5289 uuquam
726 5221 870 5290 tempore
893 5212 932 5274 de
946 5211 1057 5274 subre-

306 5305 420 5384 ptionis
442 5304 495 5367 vel
518 5305 726 5382 obreptionis,
750 5315 804 5366 aut
826 5305 981 5367 nullitatis
1011 5306 1056 5366 vi-

307 5407 362 5477 tio,
386 5419 443 5467 seu
466 5403 653 5467 intentionis
675 5412 814 5476 nostrae,
831 5403 884 5465 vel
900 5404 1056 5466 iuteresse

307 5502 506 5574 habentium,
521 5517 708 5572 cousensus,
727 5503 830 5564 aliove
845 5502 990 5580 quolibet
1004 5503 1056 5564 de-

306 5596 392 5660 lectu
424 5597 642 5674 quamtumvis
671 5611 800 5672 magno,
828 5597 1054 5673 inexcogitato,

305 5689 1056 5762 substantialiaosubstantialissimo,siveetiam

307 5800 424 5856 exeo,
458 5785 543 5861 quod
566 5785 599 5845 in
629 5785 812 5862 praemissis
838 5785 1057 5846 solemnitates

306 5885 338 5940 et
360 5892 581 5955 quaecumque
613 5877 671 5940 alia
701 5877 806 5939 lorsan
840 5878 993 5939 servanda
1026 5883 1058 5938 et

1789 586 1848 650 aba

1118 735 1175 779 seu
1197 735 1319 792 causae,
1344 728 1476 800 propter·
1491 737 1568 798 quas
1584 726 1768 799 praesentes
1783 737 1867 782 ema·

1118 811 1277 884 noverint,
1301 830 1365 876 non
1388 814 1585 878 sufficienter·
1616 813 1781 885 adductae,
1812 831 1866 888 ve·

1119 905 1256 968 rificatae
1279 917 1311 969 et
1326 909 1511 971 iustificatae
1528 907 1660 980 luerint,
1678 908 1792 980 notari,
1810 909 1869 970 iur-

1118 998 1265 1075 pugnari,
1288 1007 1342 1062 aut
1363 1000 1438 1062 alias
1459 999 1605 1078 infringi,
1630 1001 1793 1079 suspendi,
1818 1018 1866 1064 re·

1116 1092 1251 1168 stringi,
1285 1092 1434 1164 limitari,
1468 1093 1520 1156 vel
1550 1094 1583 1156 in
1611 1095 1866 1157 controversiam

1118 1186 1236 1258 vocari,
1261 1201 1318 1248 seu
1340 1186 1495 1248 adversus
1523 1204 1575 1250 eas
1597 1187 1810 1250 restitutionis
1832 1188 1864 1252 in

1117 1278 1294 1356 integrum,
1308 1281 1492 1358 aperitionis
1509 1282 1585 1354 oris,
1598 1288 1652 1344 aut
1666 1281 1751 1344 aliud
1767 1285 1866 1361 quod-

1118 1387 1256 1450 rumque
1287 1374 1366 1436 iuris
1395 1375 1447 1437 vel
1469 1375 1540 1440 iacti
1568 1383 1621 1438 aut
1648 1376 1786 1440 iustitiae
1818 1391 1867 1440 re-

1118 1466 1260 1527 medium
1277 1467 1453 1546 impetrari,
1470 1478 1524 1531 aot
1538 1471 1597 1532 sub
1613 1471 1780 1548 quibusvis
1795 1488 1868 1534 con-

1118 1559 1222 1620 trariis
1255 1561 1555 1636 constitutionibus,
1591 1565 1866 1640 revocationibus,

1117 1654 1394 1730 suspensionibus,
1417 1655 1671 1731 limitatiouibus,
1689 1659 1869 1738 derogatio·

1118 1745 1223 1816 nibus,
1248 1748 1548 1824 modificationibus,
1573 1751 1723 1824 decretis,
1746 1762 1800 1815 aut
1814 1755 1867 1816 de-

1117 1838 1343 1902 clarationibus
1366 1843 1571 1919 generalibus
1593 1845 1645 1907 vel
1675 1846 1866 1924 specialibus

1118 1933 1362 2010 quomodolibet
1384 1935 1485 2011 lactis,
1506 1937 1639 2000 minime
1662 1955 1754 2017 posse
1783 1957 1868 2003 com·
1908 2006 1911 2014 ,

1119 2027 1286 2105 prehendi,
1321 2029 1378 2090 sed
1411 2045 1541 2109 semper
1573 2031 1696 2095 abillis
1718 2042 1867 2113 exceptas

1118 2136 1188 2182 esse
1210 2129 1243 2184 et
1264 2121 1343 2195 lore,
1372 2141 1406 2185 ao
1433 2131 1594 2201 tamquam
1617 2141 1656 2187 ex
1689 2127 1868 2206 pontificiae

1119 2215 1339 2292 providentiae
1363 2217 1477 2288 officio,
1501 2225 1587 2280 certa
1608 2219 1739 2282 scientia
1761 2229 1793 2283 et
1814 2238 1868 2300 po-

1118 2309 1239 2370 testatis
1262 2309 1463 2388 plenitudine
1486 2313 1603 2373 nostris
1625 2312 1718 2374 lactas
1734 2321 1766 2377 et
1780 2331 1865 2378 ema-

1118 2410 1204 2464 natas
1217 2403 1399 2466 omnimoda
1412 2403 1563 2468 firmitate
1576 2413 1734 2486 perpetuo
1746 2408 1866 2471 validas

1117 2501 1149 2555 et
1170 2495 1311 2557 efficaces
1335 2497 1475 2560 existere
1496 2507 1530 2561 et
1545 2498 1625 2571 lore,
1642 2514 1783 2578 suosque
1799 2502 1865 2579 ple-

1117 2588 1223 2650 uarios
1246 2597 1278 2652 et
1299 2589 1444 2668 integros
1467 2591 1600 2654 ellectus
1621 2593 1730 2656 sortiri
1759 2601 1792 2657 et
1813 2596 1868 2657 ob-

1118 2683 1233 2755 tinere,
1256 2699 1290 2744 ac
1312 2679 1350 2745 ab
1383 2685 1543 2758 omnibus,
1566 2687 1604 2748 ad
1634 2701 1715 2764 quos
1747 2697 1868 2766 spectat

1117 2783 1149 2836 et
1176 2775 1331 2853 spectabit
1362 2779 1606 2854 quomodolibet
1640 2781 1673 2842 in
1705 2781 1864 2855 luturum,

1118 2877 1273 2947 perpetuo
1302 2876 1334 2932 et
1365 2871 1594 2934 inviolabiliter
1624 2872 1807 2948 observari,
1830 2892 1865 2938 ao

1116 2965 1369 3041 supradictarum
1403 2965 1611 3028 ecclesiarum
1640 2967 1802 3047 Episcopis
1833 2975 1866 3031 et

1116 3057 1280 3136 Capitulis,
1298 3059 1443 3136 aliisque,
1461 3075 1600 3136 quorum
1616 3059 1761 3123 favorem
1777 3078 1865 3140 prae-

1117 3161 1223 3216 sentes
1246 3160 1374 3216 nostrae
1397 3152 1522 3216 litterae
1551 3161 1762 3228 concernunt,
1792 3171 1866 3236 per-

1118 3249 1221 3326 petuis
1244 3247 1361 3310 futuris
1384 3247 1583 3326 temporibus
1599 3247 1786 3326 plenissime
1801 3249 1865 3311 sui·

1117 3340 1232 3418 lragari
1262 3341 1393 3414 debere,
1428 3341 1625 3418 eosdemque
1653 3356 1751 3420 super
1776 3357 1868 3419 prae·

1118 3433 1221 3494 missis
1255 3433 1404 3495 omnibus
1427 3440 1459 3496 et
1486 3432 1622 3510 singulis
1651 3434 1703 3496 vel
1733 3433 1865 3497 illorum

1116 3543 1208 3588 causa
1229 3526 1265 3588 ab
1288 3527 1447 3604 aliquibus
1464 3527 1575 3604 quavis
1593 3527 1781 3590 auctoritate
1796 3526 1867 3590 lun-

1117 3621 1267 3697 gentibus
1282 3620 1525 3697 quomodolibet
1544 3621 1719 3694 molestari,
1740 3629 1868 3700 pertur-

1115 3712 1868 3795 bari,inquietarivelimpedirinequeadpro·

1118 3809 1278 3872 batiouem
1290 3825 1347 3871 seu
1368 3809 1621 3870 verificationem
1637 3823 1865 3886 quorumcum-

1117 3918 1180 3980 que
1202 3904 1235 3966 in
1257 3903 1379 3965 eisdem
1409 3901 1630 3980 praesentibus
1663 3899 1866 3966 narratorum

1117 3997 1302 4060 nullatenus
1325 4010 1466 4073 uuquam
1491 3995 1606 4068 teneri,
1630 4009 1736 4073 neque
1768 3997 1806 4058 ad
1834 3997 1866 4060 id

1117 4091 1149 4151 in
1181 4089 1298 4151 iudicio
1329 4087 1381 4150 vel
1414 4096 1505 4152 extra
1534 4087 1605 4165 cogi
1628 4103 1684 4149 seu
1715 4089 1867 4167 compelli

1117 4201 1228 4262 posse;
1252 4190 1294 4255 et,
1315 4183 1340 4242 si
1362 4197 1454 4246 secus
1476 4197 1573 4259 super
1596 4180 1644 4242 bis
1666 4199 1682 4242 a
1704 4197 1866 4260 quoquam

1117 4279 1227 4355 quavis
1250 4277 1436 4340 auctoritate
1457 4276 1595 4338 scienter
1610 4276 1663 4338 vel
1680 4277 1867 4354 ignoranter

1116 4372 1288 4449 contigerit
1309 4370 1476 4441 attentari,
1510 4369 1639 4431 irritum
1669 4378 1702 4432 et
1734 4385 1865 4448 prorsus

1116 4466 1210 4528 inane
1234 4481 1304 4527 esse
1326 4481 1359 4526 ao
1382 4464 1451 4525 lore
1474 4462 1624 4525 volumus
1647 4470 1742 4541 atque
1758 4464 1867 4528 dener·

1118 4563 1237 4623 nimus.

1157 4655 1245 4732 528.
1269 4653 1338 4716 Non
1362 4651 1561 4715 obstantibus
1584 4652 1623 4714 de
1639 4651 1867 4728 iurequaesito

1117 4767 1180 4812 non
1198 4748 1351 4820 tollendo,
1370 4748 1409 4809 de
1425 4745 1707 4826 suppressionibus
1722 4745 1868 4808 commit-

1116 4844 1221 4906 tendis
1237 4843 1273 4903 ad
1290 4847 1406 4919 partes,
1420 4839 1550 4912 vocatis,
1565 4854 1704 4916 quorum
1719 4839 1865 4912 interest,

1116 4937 1248 5014 aliisque
1271 4935 1438 4998 nostriset
1457 4933 1662 4997 cancellariae
1677 4933 1867 5012 apostolicae

1117 5031 1255 5109 regulis,
1290 5046 1347 5092 nec
1380 5045 1445 5092 uon
1478 5028 1634 5090 dictarum
1658 5027 1867 5090 ecclesiarum

1117 5128 1210 5189 etiarn
1235 5125 1479 5188 confirmatione
1502 5121 1672 5200 apostolica
1687 5122 1740 5183 vel
1756 5121 1867 5198 quavis

1116 5221 1267 5282 firmitate
1289 5217 1346 5282 alia
1369 5216 1525 5301 roboratis
1545 5210 1670 5278 statutis
1685 5223 1718 5277 et
1733 5231 1865 5278 consue·

1116 5314 1296 5384 tudinibus,
1321 5313 1416 5374 etiam
1445 5307 1767 5381 immemorabilibus,
1801 5308 1862 5386 pri-

1116 5407 1242 5483 vilegiis
1266 5421 1407 5482 quoque,
1430 5403 1562 5466 indultis
1592 5409 1624 5464 et
1653 5402 1863 5465 concessioni-

1116 5501 1174 5562 bus
1197 5501 1343 5577 quamvis
1366 5497 1510 5576 specifica
1533 5505 1565 5559 et
1593 5495 1756 5558 individua
1778 5512 1867 5559 men·

1116 5597 1203 5657 tione
1225 5593 1341 5670 dignis,
1367 5591 1580 5667 omnibusque
1595 5597 1627 5652 et
1642 5589 1778 5666 singulis
1794 5605 1865 5667 apo·

1115 5687 1234 5750 stolicis
1257 5703 1290 5748 ao
1313 5687 1345 5747 in
1367 5683 1591 5762 synodalibus,
1617 5681 1866 5759 provincialibus

1115 5789 1148 5845 et
1160 5779 1396 5844 universalibus
1413 5777 1553 5841 conciliis
1567 5775 1659 5839 editis
1675 5775 1865 5854 specialibus

1115 5876 1168 5938 vel
1190 5873 1394 5952 generalibus
1416 5871 1698 5934 constitutionibus
1727 5875 1760 5932 et
1781 5871 1866 5932 ordi-

305 5971 506 6050 adimplenda
528 5972 662 6033 minimo
685 5979 809 6034 servata
827 5979 859 6034 et
873 5971 1055 6050 adimpleta,
1085 5966 1088 6041 l
1116 5969 1313 6032 nationibus:
1346 5967 1460 6045 quibus
1482 5964 1632 6028 omnibus
1662 5971 1695 6026 et
1715 5964 1865 6042 singolis,
