<?xml version="1.0" encoding="UTF-8"?>
<!DOCTYPE html PUBLIC "-//W3C//DTD XHTML 1.0 Transitional//EN"
    "http://www.w3.org/TR/xhtml1/DTD/xhtml1-transitional.dtd">
<html xmlns="http://www.w3.org/1999/xhtml" xml:lang="en" lang="en">
 <head>
  <title>
</title>
<meta http-equiv="Content-Type" content="text/html;charset=utf-8" />
  <meta name='ocr-system' content='tesseract 3.04.00' />
  <meta name='ocr-capabilities' content='ocr_page ocr_carea ocr_par ocr_line ocrx_word'/>
</head>
<body>
  <div class='ocr_page' id='page_1' title='image "./iurispontificii03martgoog_0114.png"; bbox 0 0 4756 6994; ppageno 0'>
   <div class='ocr_carea' id='block_1_1' title="bbox 853 528 2029 622">
    <p class='ocr_par' dir='ltr' id='par_1_1' title="bbox 853 528 2029 622">
     <span class='ocr_line' id='line_1_1' title="bbox 853 528 2029 622; baseline -0.002 -4"><span class='ocrx_word' id='word_1_1' title='bbox 853 571 1051 618; x_wconf 77' lang='lat' dir='ltr'>consorores</span> <span class='ocrx_word' id='word_1_2' title='bbox 1073 574 1122 618; x_wconf 80' lang='lat' dir='ltr'>ri.</span> <span class='ocrx_word' id='word_1_3' title='bbox 1147 575 1217 622; x_wconf 88' lang='lat' dir='ltr'>iiiii.</span> <span class='ocrx_word' id='word_1_4' title='bbox 1350 528 1353 534; x_wconf 34' lang='lat'>¹</span> <span class='ocrx_word' id='word_1_5' title='bbox 1738 561 1790 622; x_wconf 89' lang='lat' dir='ltr'>iii</span> <span class='ocrx_word' id='word_1_6' title='bbox 1851 564 1946 622; x_wconf 68' lang='lat' dir='ltr'>dod.</span> <span class='ocrx_word' id='word_1_7' title='bbox 1961 561 2029 618; x_wconf 73' lang='lat' dir='ltr'>itit</span> 
     </span>
    </p>
   </div>
   <div class='ocr_carea' id='block_1_2' title="bbox 221 689 1890 2649">
    <p class='ocr_par' dir='ltr' id='par_1_2' title="bbox 221 689 1890 2649">
     <span class='ocr_line' id='line_1_2' title="bbox 260 689 1815 778; baseline -0.003 -14"><span class='ocrx_word' id='word_1_8' title='bbox 260 700 375 764; x_wconf 87' lang='lat' dir='ltr'>notarii</span> <span class='ocrx_word' id='word_1_9' title='bbox 391 699 510 778; x_wconf 80' lang='lat' dir='ltr'>publici</span> <span class='ocrx_word' id='word_1_10' title='bbox 529 695 728 773; x_wconf 76' lang='lat' dir='ltr'>subscriptis</span> <span class='ocrx_word' id='word_1_11' title='bbox 746 702 779 758; x_wconf 87' lang='lat' dir='ltr'>el</span> <span class='ocrx_word' id='word_1_12' title='bbox 792 691 899 769; x_wconf 81' lang='lat' dir='ltr'>sigillo</span> <span class='ocrx_word' id='word_1_13' title='bbox 916 689 1009 752; x_wconf 86' lang='lat' dir='ltr'>oflicii</span> <span class='ocrx_word' id='word_1_14' title='bbox 1064 693 1286 770; x_wconf 91' lang='lat' dir='ltr'>superioribus</span> <span class='ocrx_word' id='word_1_15' title='bbox 1314 696 1534 759; x_wconf 87' lang='lat' dir='ltr'>anctoritatem</span> <span class='ocrx_word' id='word_1_16' title='bbox 1567 705 1599 759; x_wconf 88' lang='lat' dir='ltr'>et</span> <span class='ocrx_word' id='word_1_17' title='bbox 1624 697 1815 760; x_wconf 90' lang='lat' dir='ltr'>iurisdictio-</span> 
     </span>
     <span class='ocr_line' id='line_1_3' title="bbox 261 787 1816 868; baseline -0.002 -12"><span class='ocrx_word' id='word_1_18' title='bbox 261 794 406 856; x_wconf 89' lang='lat' dir='ltr'>eiusdem</span> <span class='ocrx_word' id='word_1_19' title='bbox 433 791 573 854; x_wconf 88' lang='lat' dir='ltr'>ministri</span> <span class='ocrx_word' id='word_1_20' title='bbox 593 789 647 851; x_wconf 87' lang='lat' dir='ltr'>rel</span> <span class='ocrx_word' id='word_1_21' title='bbox 672 788 889 867; x_wconf 79' lang='lat' dir='ltr'>procuratoris</span> <span class='ocrx_word' id='word_1_22' title='bbox 913 801 1009 862; x_wconf 83' lang='lat' dir='ltr'>gene·</span> <span class='ocrx_word' id='word_1_23' title='bbox 1066 801 1139 846; x_wconf 93' lang='lat' dir='ltr'>nem</span> <span class='ocrx_word' id='word_1_24' title='bbox 1165 787 1195 848; x_wconf 93' lang='lat' dir='ltr'>in</span> <span class='ocrx_word' id='word_1_25' title='bbox 1217 803 1292 848; x_wconf 90' lang='lat' dir='ltr'>suos</span> <span class='ocrx_word' id='word_1_26' title='bbox 1315 788 1488 850; x_wconf 78' lang='lat' dir='ltr'>tertiarios</span> <span class='ocrx_word' id='word_1_27' title='bbox 1505 805 1561 868; x_wconf 89' lang='lat' dir='ltr'>per</span> <span class='ocrx_word' id='word_1_28' title='bbox 1577 789 1678 853; x_wconf 88' lang='lat' dir='ltr'>felicis</span> <span class='ocrx_word' id='word_1_29' title='bbox 1695 808 1816 854; x_wconf 88' lang='lat' dir='ltr'>meino·</span> 
     </span>
     <span class='ocr_line' id='line_1_4' title="bbox 261 880 1816 966; baseline -0.001 -17"><span class='ocrx_word' id='word_1_30' title='bbox 261 888 336 949; x_wconf 91' lang='lat' dir='ltr'>ralis</span> <span class='ocrx_word' id='word_1_31' title='bbox 358 889 458 966; x_wconf 90' lang='lat' dir='ltr'>ipsius</span> <span class='ocrx_word' id='word_1_32' title='bbox 480 885 606 949; x_wconf 83' lang='lat' dir='ltr'>Ordinis</span> <span class='ocrx_word' id='word_1_33' title='bbox 623 884 675 946; x_wconf 90' lang='lat' dir='ltr'>vel</span> <span class='ocrx_word' id='word_1_34' title='bbox 692 883 923 958; x_wconf 83' lang='lat' dir='ltr'>cuiuscumque</span> <span class='ocrx_word' id='word_1_35' title='bbox 939 895 1010 957; x_wconf 89' lang='lat' dir='ltr'>per·</span> <span class='ocrx_word' id='word_1_36' title='bbox 1066 880 1130 942; x_wconf 91' lang='lat' dir='ltr'>riae</span> <span class='ocrx_word' id='word_1_37' title='bbox 1152 890 1372 944; x_wconf 75' lang='lat' dir='ltr'>antecessores</span> <span class='ocrx_word' id='word_1_38' title='bbox 1395 891 1522 945; x_wconf 90' lang='lat' dir='ltr'>nostros</span> <span class='ocrx_word' id='word_1_39' title='bbox 1551 884 1707 946; x_wconf 84' lang='lat' dir='ltr'>Romanos</span> <span class='ocrx_word' id='word_1_40' title='bbox 1737 885 1816 947; x_wconf 91' lang='lat' dir='ltr'>Pon-</span> 
     </span>
     <span class='ocr_line' id='line_1_5' title="bbox 260 973 1817 1064; baseline -0.002 -22"><span class='ocrx_word' id='word_1_41' title='bbox 260 997 357 1042; x_wconf 91' lang='lat' dir='ltr'>sonae</span> <span class='ocrx_word' id='word_1_42' title='bbox 379 976 411 1042; x_wconf 91' lang='lat' dir='ltr'>iii</span> <span class='ocrx_word' id='word_1_43' title='bbox 434 979 644 1042; x_wconf 87' lang='lat' dir='ltr'>ecclesiastica</span> <span class='ocrx_word' id='word_1_44' title='bbox 667 977 821 1054; x_wconf 79' lang='lat' dir='ltr'>dignitate</span> <span class='ocrx_word' id='word_1_45' title='bbox 843 975 1011 1036; x_wconf 88' lang='lat' dir='ltr'>costitutae</span> <span class='ocrx_word' id='word_1_46' title='bbox 1067 973 1166 1036; x_wconf 85' lang='lat' dir='ltr'>tifices</span> <span class='ocrx_word' id='word_1_47' title='bbox 1191 975 1335 1037; x_wconf 88' lang='lat' dir='ltr'>traditam</span> <span class='ocrx_word' id='word_1_48' title='bbox 1359 977 1669 1049; x_wconf 85' lang='lat' dir='ltr'>confirmaverimus,</span> <span class='ocrx_word' id='word_1_49' title='bbox 1694 987 1738 1049; x_wconf 91' lang='lat' dir='ltr'>ut,</span> <span class='ocrx_word' id='word_1_50' title='bbox 1754 995 1817 1064; x_wconf 87' lang='lat' dir='ltr'>per</span> 
     </span>
     <span class='ocr_line' id='line_1_6' title="bbox 262 1067 1817 1150; baseline -0.002 -14"><span class='ocrx_word' id='word_1_51' title='bbox 262 1075 407 1145; x_wconf 85' lang='lat' dir='ltr'>munitis,</span> <span class='ocrx_word' id='word_1_52' title='bbox 438 1075 550 1136; x_wconf 86' lang='lat' dir='ltr'>eadem</span> <span class='ocrx_word' id='word_1_53' title='bbox 578 1087 709 1150; x_wconf 87' lang='lat' dir='ltr'>prorsus</span> <span class='ocrx_word' id='word_1_54' title='bbox 739 1069 816 1131; x_wconf 88' lang='lat' dir='ltr'>tides</span> <span class='ocrx_word' id='word_1_55' title='bbox 839 1069 871 1129; x_wconf 94' lang='lat' dir='ltr'>in</span> <span class='ocrx_word' id='word_1_56' title='bbox 894 1067 1010 1130; x_wconf 91' lang='lat' dir='ltr'>iudicio</span> <span class='ocrx_word' id='word_1_57' title='bbox 1066 1067 1210 1130; x_wconf 84' lang='lat' dir='ltr'>eiusdem</span> <span class='ocrx_word' id='word_1_58' title='bbox 1236 1068 1317 1130; x_wconf 90' lang='lat' dir='ltr'>beati</span> <span class='ocrx_word' id='word_1_59' title='bbox 1340 1069 1497 1131; x_wconf 79' lang='lat' dir='ltr'>francisci</span> <span class='ocrx_word' id='word_1_60' title='bbox 1520 1071 1655 1147; x_wconf 80' lang='lat' dir='ltr'>vestigia</span> <span class='ocrx_word' id='word_1_61' title='bbox 1672 1071 1817 1147; x_wconf 84' lang='lat' dir='ltr'>gradien-</span> 
     </span>
     <span class='ocr_line' id='line_1_7' title="bbox 263 1161 1817 1242; baseline -0.002 -12"><span class='ocrx_word' id='word_1_62' title='bbox 263 1176 296 1230; x_wconf 89' lang='lat' dir='ltr'>et</span> <span class='ocrx_word' id='word_1_63' title='bbox 328 1177 416 1230; x_wconf 84' lang='lat' dir='ltr'>eitra</span> <span class='ocrx_word' id='word_1_64' title='bbox 449 1167 655 1236; x_wconf 84' lang='lat' dir='ltr'>adhibeatur,</span> <span class='ocrx_word' id='word_1_65' title='bbox 690 1179 771 1240; x_wconf 90' lang='lat' dir='ltr'>quae</span> <span class='ocrx_word' id='word_1_66' title='bbox 803 1161 1011 1224; x_wconf 76' lang='lat' dir='ltr'>adhiberetur</span> <span class='ocrx_word' id='word_1_67' title='bbox 1068 1168 1126 1233; x_wconf 88' lang='lat' dir='ltr'>tes,</span> <span class='ocrx_word' id='word_1_68' title='bbox 1150 1161 1284 1224; x_wconf 91' lang='lat' dir='ltr'>alacrius</span> <span class='ocrx_word' id='word_1_69' title='bbox 1306 1163 1338 1224; x_wconf 92' lang='lat' dir='ltr'>in</span> <span class='ocrx_word' id='word_1_70' title='bbox 1369 1163 1425 1226; x_wconf 88' lang='lat' dir='ltr'>Dei</span> <span class='ocrx_word' id='word_1_71' title='bbox 1448 1163 1601 1226; x_wconf 88' lang='lat' dir='ltr'>famulatu</span> <span class='ocrx_word' id='word_1_72' title='bbox 1632 1181 1817 1242; x_wconf 89' lang='lat' dir='ltr'>persevera-</span> 
     </span>
     <span class='ocr_line' id='line_1_8' title="bbox 262 1255 1818 1342; baseline -0.004 -17"><span class='ocrx_word' id='word_1_73' title='bbox 262 1265 340 1342; x_wconf 87' lang='lat' dir='ltr'>ipsis</span> <span class='ocrx_word' id='word_1_74' title='bbox 362 1261 596 1341; x_wconf 87' lang='lat' dir='ltr'>praesentibus,</span> <span class='ocrx_word' id='word_1_75' title='bbox 613 1259 639 1320; x_wconf 89' lang='lat' dir='ltr'>si</span> <span class='ocrx_word' id='word_1_76' title='bbox 662 1258 768 1320; x_wconf 89' lang='lat' dir='ltr'>forent</span> <span class='ocrx_word' id='word_1_77' title='bbox 783 1257 944 1319; x_wconf 77' lang='lat' dir='ltr'>exhibitae</span> <span class='ocrx_word' id='word_1_78' title='bbox 959 1255 1010 1316; x_wconf 88' lang='lat' dir='ltr'>vol</span> <span class='ocrx_word' id='word_1_79' title='bbox 1067 1261 1141 1316; x_wconf 91' lang='lat' dir='ltr'>rent</span> <span class='ocrx_word' id='word_1_80' title='bbox 1162 1255 1278 1331; x_wconf 78' lang='lat' dir='ltr'>suique</span> <span class='ocrx_word' id='word_1_81' title='bbox 1293 1257 1484 1318; x_wconf 81' lang='lat' dir='ltr'>sanctissimi</span> <span class='ocrx_word' id='word_1_82' title='bbox 1500 1259 1694 1323; x_wconf 89' lang='lat' dir='ltr'>institutoris</span> <span class='ocrx_word' id='word_1_83' title='bbox 1711 1275 1818 1322; x_wconf 85' lang='lat' dir='ltr'>exeni-</span> 
     </span>
     <span class='ocr_line' id='line_1_9' title="bbox 264 1346 1816 1427; baseline 0.004 -20"><span class='ocrx_word' id='word_1_84' title='bbox 264 1367 421 1422; x_wconf 70' lang='lat' dir='ltr'>ospensae,</span> <span class='ocrx_word' id='word_1_85' title='bbox 1067 1346 1117 1425; x_wconf 92' lang='lat' dir='ltr'>pla</span> <span class='ocrx_word' id='word_1_86' title='bbox 1129 1347 1198 1408; x_wconf 89' lang='lat' dir='ltr'>aliis</span> <span class='ocrx_word' id='word_1_87' title='bbox 1214 1348 1365 1410; x_wconf 90' lang='lat' dir='ltr'>imitanda</span> <span class='ocrx_word' id='word_1_88' title='bbox 1383 1359 1612 1427; x_wconf 74' lang='lat' dir='ltr'>proponerent.</span> <span class='ocrx_word' id='word_1_89' title='bbox 1631 1351 1716 1414; x_wconf 90' lang='lat' dir='ltr'>Hanc</span> <span class='ocrx_word' id='word_1_90' title='bbox 1731 1354 1816 1414; x_wconf 86' lang='lat' dir='ltr'>enim</span> 
     </span>
     <span class='ocr_line' id='line_1_10' title="bbox 305 1441 1818 1528; baseline -0.002 -18"><span class='ocrx_word' id='word_1_91' title='bbox 305 1449 366 1528; x_wconf 73' lang='lat' dir='ltr'>§tl</span> <span class='ocrx_word' id='word_1_92' title='bbox 385 1449 472 1511; x_wconf 89' lang='lat' dir='ltr'>Nulli</span> <span class='ocrx_word' id='word_1_93' title='bbox 488 1465 567 1526; x_wconf 79' lang='lat' dir='ltr'>ergo</span> <span class='ocrx_word' id='word_1_94' title='bbox 586 1446 718 1510; x_wconf 90' lang='lat' dir='ltr'>omnino</span> <span class='ocrx_word' id='word_1_95' title='bbox 736 1445 904 1506; x_wconf 90' lang='lat' dir='ltr'>bominum</span> <span class='ocrx_word' id='word_1_96' title='bbox 921 1445 1013 1506; x_wconf 87' lang='lat' dir='ltr'>liceat</span> <span class='ocrx_word' id='word_1_97' title='bbox 1068 1441 1330 1503; x_wconf 85' lang='lat' dir='ltr'>constitutionem</span> <span class='ocrx_word' id='word_1_98' title='bbox 1362 1449 1424 1503; x_wconf 91' lang='lat' dir='ltr'>tarn</span> <span class='ocrx_word' id='word_1_99' title='bbox 1455 1443 1648 1505; x_wconf 89' lang='lat' dir='ltr'>luculentam</span> <span class='ocrx_word' id='word_1_100' title='bbox 1674 1453 1768 1522; x_wconf 86' lang='lat' dir='ltr'>atque</span> <span class='ocrx_word' id='word_1_101' title='bbox 1790 1464 1818 1507; x_wconf 89' lang='lat' dir='ltr'>a·</span> 
     </span>
     <span class='ocr_line' id='line_1_11' title="bbox 264 1534 1820 1621; baseline -0.003 -15"><span class='ocrx_word' id='word_1_102' title='bbox 264 1545 346 1606; x_wconf 89' lang='lat' dir='ltr'>banc</span> <span class='ocrx_word' id='word_1_103' title='bbox 369 1544 513 1621; x_wconf 80' lang='lat' dir='ltr'>paginam</span> <span class='ocrx_word' id='word_1_104' title='bbox 541 1549 667 1604; x_wconf 88' lang='lat' dir='ltr'>nostrae</span> <span class='ocrx_word' id='word_1_105' title='bbox 689 1540 936 1618; x_wconf 85' lang='lat' dir='ltr'>approbationis,</span> <span class='ocrx_word' id='word_1_106' title='bbox 960 1540 1012 1602; x_wconf 91' lang='lat' dir='ltr'>de·</span> <span class='ocrx_word' id='word_1_107' title='bbox 1069 1534 1171 1596; x_wconf 86' lang='lat' dir='ltr'>lionae</span> <span class='ocrx_word' id='word_1_108' title='bbox 1207 1535 1488 1612; x_wconf 84' lang='lat' dir='ltr'>interpretationis</span> <span class='ocrx_word' id='word_1_109' title='bbox 1518 1546 1703 1616; x_wconf 83' lang='lat' dir='ltr'>expertem.</span> <span class='ocrx_word' id='word_1_110' title='bbox 1739 1557 1820 1617; x_wconf 81' lang='lat' dir='ltr'>onae</span> 
     </span>
     <span class='ocr_line' id='line_1_12' title="bbox 264 1629 1817 1708; baseline -0.002 -9"><span class='ocrx_word' id='word_1_111' title='bbox 264 1635 458 1702; x_wconf 85' lang='lat' dir='ltr'>clarationis,</span> <span class='ocrx_word' id='word_1_112' title='bbox 489 1634 754 1704; x_wconf 83' lang='lat' dir='ltr'>confirmationis,</span> <span class='ocrx_word' id='word_1_113' title='bbox 785 1632 1011 1702; x_wconf 66' lang='lat' dir='ltr'>innovationis</span> <span class='ocrx_word' id='word_1_114' title='bbox 1069 1645 1149 1690; x_wconf 90' lang='lat' dir='ltr'>unos</span> <span class='ocrx_word' id='word_1_115' title='bbox 1172 1629 1331 1690; x_wconf 87' lang='lat' dir='ltr'>tertiarios</span> <span class='ocrx_word' id='word_1_116' title='bbox 1355 1630 1502 1692; x_wconf 89' lang='lat' dir='ltr'>ministro</span> <span class='ocrx_word' id='word_1_117' title='bbox 1526 1634 1667 1708; x_wconf 79' lang='lat' dir='ltr'>generali</span> <span class='ocrx_word' id='word_1_118' title='bbox 1684 1634 1817 1696; x_wconf 90' lang='lat' dir='ltr'>fratrum</span> 
     </span>
     <span class='ocr_line' id='line_1_13' title="bbox 264 1723 1821 1804; baseline -0.001 -12"><span class='ocrx_word' id='word_1_119' title='bbox 264 1729 492 1800; x_wconf 90' lang='lat' dir='ltr'>concessionis,</span> <span class='ocrx_word' id='word_1_120' title='bbox 508 1729 640 1800; x_wconf 86' lang='lat' dir='ltr'>decreti,</span> <span class='ocrx_word' id='word_1_121' title='bbox 654 1727 840 1799; x_wconf 85' lang='lat' dir='ltr'>voluntatis,</span> <span class='ocrx_word' id='word_1_122' title='bbox 855 1725 1014 1804; x_wconf 85' lang='lat' dir='ltr'>praecepti</span> <span class='ocrx_word' id='word_1_123' title='bbox 1071 1723 1241 1793; x_wconf 88' lang='lat' dir='ltr'>llinorum,</span> <span class='ocrx_word' id='word_1_124' title='bbox 1256 1723 1311 1800; x_wconf 87' lang='lat' dir='ltr'>qui</span> <span class='ocrx_word' id='word_1_125' title='bbox 1327 1725 1502 1803; x_wconf 79' lang='lat' dir='ltr'>crepaturi</span> <span class='ocrx_word' id='word_1_126' title='bbox 1521 1724 1729 1792; x_wconf 81' lang='lat' dir='ltr'>Obseruantia</span> <span class='ocrx_word' id='word_1_127' title='bbox 1742 1745 1821 1791; x_wconf 89' lang='lat' dir='ltr'>nun-</span> 
     </span>
     <span class='ocr_line' id='line_1_14' title="bbox 221 1815 1823 1901; baseline -0.001 -17"><span class='ocrx_word' id='word_1_128' title='bbox 221 1831 222 1834; x_wconf 75' lang='grc'>’</span> <span class='ocrx_word' id='word_1_129' title='bbox 265 1831 300 1886; x_wconf 85' lang='lat' dir='ltr'>et</span> <span class='ocrx_word' id='word_1_130' title='bbox 329 1823 545 1901; x_wconf 77' lang='lat' dir='ltr'>derogationis</span> <span class='ocrx_word' id='word_1_131' title='bbox 575 1821 767 1897; x_wconf 81' lang='lat' dir='ltr'>infringere,</span> <span class='ocrx_word' id='word_1_132' title='bbox 798 1820 850 1881; x_wconf 87' lang='lat' dir='ltr'>vel</span> <span class='ocrx_word' id='word_1_133' title='bbox 879 1821 908 1882; x_wconf 88' lang='lat' dir='ltr'>ei</span> <span class='ocrx_word' id='word_1_134' title='bbox 937 1835 1013 1880; x_wconf 92' lang='lat' dir='ltr'>ausu</span> <span class='ocrx_word' id='word_1_135' title='bbox 1070 1827 1238 1893; x_wconf 89' lang='lat' dir='ltr'>cupantur,</span> <span class='ocrx_word' id='word_1_136' title='bbox 1270 1815 1430 1879; x_wconf 88' lang='lat' dir='ltr'>subiectos</span> <span class='ocrx_word' id='word_1_137' title='bbox 1464 1824 1585 1880; x_wconf 88' lang='lat' dir='ltr'>tantum</span> <span class='ocrx_word' id='word_1_138' title='bbox 1621 1822 1758 1898; x_wconf 85' lang='lat' dir='ltr'>respicit,</span> <span class='ocrx_word' id='word_1_139' title='bbox 1790 1831 1823 1884; x_wconf 93' lang='lat' dir='ltr'>et</span> 
     </span>
     <span class='ocr_line' id='line_1_15' title="bbox 265 1911 1822 1993; baseline -0.005 -9"><span class='ocrx_word' id='word_1_140' title='bbox 265 1919 441 1984; x_wconf 86' lang='lat' dir='ltr'>temerario</span> <span class='ocrx_word' id='word_1_141' title='bbox 470 1915 648 1988; x_wconf 79' lang='lat' dir='ltr'>contraire3</span> <span class='ocrx_word' id='word_1_142' title='bbox 672 1915 697 1974; x_wconf 90' lang='lat' dir='ltr'>si</span> <span class='ocrx_word' id='word_1_143' title='bbox 726 1915 798 1991; x_wconf 81' lang='lat' dir='ltr'>quis</span> <span class='ocrx_word' id='word_1_144' title='bbox 824 1923 930 1976; x_wconf 88' lang='lat' dir='ltr'>autern</span> <span class='ocrx_word' id='word_1_145' title='bbox 956 1914 1016 1974; x_wconf 91' lang='lat' dir='ltr'>boo</span> <span class='ocrx_word' id='word_1_146' title='bbox 1067 1911 1256 1986; x_wconf 84' lang='lat' dir='ltr'>singulatim</span> <span class='ocrx_word' id='word_1_147' title='bbox 1280 1911 1434 1983; x_wconf 78' lang='lat' dir='ltr'>noininai,</span> <span class='ocrx_word' id='word_1_148' title='bbox 1459 1929 1522 1974; x_wconf 91' lang='lat' dir='ltr'>non</span> <span class='ocrx_word' id='word_1_149' title='bbox 1545 1929 1623 1975; x_wconf 86' lang='lat' dir='ltr'>vero</span> <span class='ocrx_word' id='word_1_150' title='bbox 1646 1914 1723 1976; x_wconf 91' lang='lat' dir='ltr'>alios</span> <span class='ocrx_word' id='word_1_151' title='bbox 1752 1931 1822 1993; x_wconf 88' lang='lat' dir='ltr'>spe-</span> 
     </span>
     <span class='ocr_line' id='line_1_16' title="bbox 264 2005 1820 2088; baseline -0.003 -14"><span class='ocrx_word' id='word_1_152' title='bbox 264 2020 425 2077; x_wconf 88' lang='lat' dir='ltr'>attentare</span> <span class='ocrx_word' id='word_1_153' title='bbox 458 2009 725 2088; x_wconf 88' lang='lat' dir='ltr'>praesumpserit,</span> <span class='ocrx_word' id='word_1_154' title='bbox 760 2007 1013 2084; x_wconf 82' lang='lat' dir='ltr'>indignationem</span> <span class='ocrx_word' id='word_1_155' title='bbox 1070 2005 1140 2066; x_wconf 87' lang='lat' dir='ltr'>ciali</span> <span class='ocrx_word' id='word_1_156' title='bbox 1173 2011 1246 2065; x_wconf 88' lang='lat' dir='ltr'>nota</span> <span class='ocrx_word' id='word_1_157' title='bbox 1283 2005 1407 2082; x_wconf 82' lang='lat' dir='ltr'>dignos,</span> <span class='ocrx_word' id='word_1_158' title='bbox 1446 2006 1676 2076; x_wconf 86' lang='lat' dir='ltr'>nibilominus,</span> <span class='ocrx_word' id='word_1_159' title='bbox 1711 2017 1820 2072; x_wconf 89' lang='lat' dir='ltr'>contra</span> 
     </span>
     <span class='ocr_line' id='line_1_17' title="bbox 266 2101 1822 2184; baseline -0.003 -14"><span class='ocrx_word' id='word_1_160' title='bbox 266 2105 500 2184; x_wconf 84' lang='lat' dir='ltr'>omnipotentis</span> <span class='ocrx_word' id='word_1_161' title='bbox 529 2103 586 2164; x_wconf 87' lang='lat' dir='ltr'>Dei</span> <span class='ocrx_word' id='word_1_162' title='bbox 614 2121 647 2165; x_wconf 90' lang='lat' dir='ltr'>ac</span> <span class='ocrx_word' id='word_1_163' title='bbox 677 2103 844 2164; x_wconf 91' lang='lat' dir='ltr'>beatorum</span> <span class='ocrx_word' id='word_1_164' title='bbox 874 2101 957 2162; x_wconf 88' lang='lat' dir='ltr'>Petri</span> <span class='ocrx_word' id='word_1_165' title='bbox 986 2107 1017 2162; x_wconf 85' lang='lat' dir='ltr'>et</span> <span class='ocrx_word' id='word_1_166' title='bbox 1073 2113 1253 2174; x_wconf 83' lang='lat' dir='ltr'>expressam</span> <span class='ocrx_word' id='word_1_167' title='bbox 1278 2105 1421 2159; x_wconf 91' lang='lat' dir='ltr'>mentem</span> <span class='ocrx_word' id='word_1_168' title='bbox 1439 2107 1593 2172; x_wconf 91' lang='lat' dir='ltr'>nostram,</span> <span class='ocrx_word' id='word_1_169' title='bbox 1617 2103 1653 2164; x_wconf 91' lang='lat' dir='ltr'>ad</span> <span class='ocrx_word' id='word_1_170' title='bbox 1672 2103 1742 2164; x_wconf 91' lang='lat' dir='ltr'>illos</span> <span class='ocrx_word' id='word_1_171' title='bbox 1760 2110 1822 2165; x_wconf 89' lang='lat' dir='ltr'>ter-</span> 
     </span>
     <span class='ocr_line' id='line_1_18' title="bbox 266 2191 1823 2276; baseline -0.002 -13"><span class='ocrx_word' id='word_1_172' title='bbox 266 2201 357 2263; x_wconf 89' lang='lat' dir='ltr'>Pauli</span> <span class='ocrx_word' id='word_1_173' title='bbox 379 2196 597 2276; x_wconf 89' lang='lat' dir='ltr'>apostolorum</span> <span class='ocrx_word' id='word_1_174' title='bbox 621 2197 690 2258; x_wconf 88' lang='lat' dir='ltr'>eius</span> <span class='ocrx_word' id='word_1_175' title='bbox 706 2211 739 2258; x_wconf 91' lang='lat' dir='ltr'>se</span> <span class='ocrx_word' id='word_1_176' title='bbox 762 2196 891 2256; x_wconf 87' lang='lat' dir='ltr'>noverit</span> <span class='ocrx_word' id='word_1_177' title='bbox 913 2194 1016 2256; x_wconf 91' lang='lat' dir='ltr'>incur·</span> <span class='ocrx_word' id='word_1_178' title='bbox 1075 2191 1183 2252; x_wconf 86' lang='lat' dir='ltr'>itaitos</span> <span class='ocrx_word' id='word_1_179' title='bbox 1204 2192 1311 2262; x_wconf 87' lang='lat' dir='ltr'>etiarn,</span> <span class='ocrx_word' id='word_1_180' title='bbox 1335 2191 1389 2268; x_wconf 84' lang='lat' dir='ltr'>qni</span> <span class='ocrx_word' id='word_1_181' title='bbox 1413 2194 1528 2254; x_wconf 87' lang='lat' dir='ltr'>viiunt</span> <span class='ocrx_word' id='word_1_182' title='bbox 1554 2211 1748 2274; x_wconf 84' lang='lat' dir='ltr'>semperque</span> <span class='ocrx_word' id='word_1_183' title='bbox 1778 2199 1823 2260; x_wconf 94' lang='lat' dir='ltr'>vi-</span> 
     </span>
     <span class='ocr_line' id='line_1_19' title="bbox 266 2284 1824 2363; baseline 0.001 -11"><span class='ocrx_word' id='word_1_184' title='bbox 266 2308 396 2354; x_wconf 86' lang='lat' dir='ltr'>surum.</span> <span class='ocrx_word' id='word_1_185' title='bbox 1075 2291 1194 2346; x_wconf 82' lang='lat' dir='ltr'>ierunt</span> <span class='ocrx_word' id='word_1_186' title='bbox 1215 2284 1274 2346; x_wconf 89' lang='lat' dir='ltr'>sub</span> <span class='ocrx_word' id='word_1_187' title='bbox 1297 2285 1446 2347; x_wconf 88' lang='lat' dir='ltr'>ministro</span> <span class='ocrx_word' id='word_1_188' title='bbox 1470 2289 1611 2363; x_wconf 78' lang='lat' dir='ltr'>generali</span> <span class='ocrx_word' id='word_1_189' title='bbox 1629 2293 1824 2353; x_wconf 89' lang='lat' dir='ltr'>etsecuuda-</span> 
     </span>
     <span class='ocr_line' id='line_1_20' title="bbox 311 2378 1824 2460; baseline -0.001 -12"><span class='ocrx_word' id='word_1_190' title='bbox 311 2387 424 2448; x_wconf 88' lang='lat' dir='ltr'>Datum</span> <span class='ocrx_word' id='word_1_191' title='bbox 447 2385 576 2454; x_wconf 81' lang='lat' dir='ltr'>lloiiiae,</span> <span class='ocrx_word' id='word_1_192' title='bbox 607 2384 688 2460; x_wconf 91' lang='lat' dir='ltr'>apud</span> <span class='ocrx_word' id='word_1_193' title='bbox 713 2381 743 2444; x_wconf 89' lang='lat' dir='ltr'>S.</span> <span class='ocrx_word' id='word_1_194' title='bbox 769 2382 911 2450; x_wconf 89' lang='lat' dir='ltr'>Petrum,</span> <span class='ocrx_word' id='word_1_195' title='bbox 935 2397 1018 2442; x_wconf 91' lang='lat' dir='ltr'>anno</span> <span class='ocrx_word' id='word_1_196' title='bbox 1075 2378 1130 2438; x_wconf 86' lang='lat' dir='ltr'>riis</span> <span class='ocrx_word' id='word_1_197' title='bbox 1151 2379 1371 2455; x_wconf 91' lang='lat' dir='ltr'>superioribus</span> <span class='ocrx_word' id='word_1_198' title='bbox 1394 2380 1528 2442; x_wconf 91' lang='lat' dir='ltr'>fratrum</span> <span class='ocrx_word' id='word_1_199' title='bbox 1562 2383 1718 2444; x_wconf 86' lang='lat' dir='ltr'>llinornm</span> <span class='ocrx_word' id='word_1_200' title='bbox 1744 2385 1824 2446; x_wconf 90' lang='lat' dir='ltr'>beati</span> 
     </span>
     <span class='ocr_line' id='line_1_21' title="bbox 267 2471 1890 2552; baseline -0.001 -10"><span class='ocrx_word' id='word_1_201' title='bbox 267 2478 895 2552; x_wconf 73' lang='lat' dir='ltr'>incarnationisbuminicaenoconius,</span> <span class='ocrx_word' id='word_1_202' title='bbox 909 2492 952 2535; x_wconf 91' lang='lat' dir='ltr'>iii.</span> <span class='ocrx_word' id='word_1_203' title='bbox 967 2475 1032 2536; x_wconf 79' lang='lat' dir='ltr'>lia-.</span> <span class='ocrx_word' id='word_1_204' title='bbox 1075 2471 1241 2544; x_wconf 78' lang='lat' dir='ltr'>francisci,</span> <span class='ocrx_word' id='word_1_205' title='bbox 1265 2473 1319 2550; x_wconf 86' lang='lat' dir='ltr'>qni</span> <span class='ocrx_word' id='word_1_206' title='bbox 1342 2472 1577 2536; x_wconf 89' lang='lat' dir='ltr'>Conventuales</span> <span class='ocrx_word' id='word_1_207' title='bbox 1594 2476 1755 2550; x_wconf 88' lang='lat' dir='ltr'>dicuntur,</span> <span class='ocrx_word' id='word_1_208' title='bbox 1773 2479 1825 2540; x_wconf 92' lang='lat' dir='ltr'>de·</span> <span class='ocrx_word' id='word_1_209' title='bbox 1888 2503 1890 2508; x_wconf 95' lang='lat'>·</span> 
     </span>
     <span class='ocr_line' id='line_1_22' title="bbox 267 2567 1565 2649; baseline -0.007 -10"><span class='ocrx_word' id='word_1_210' title='bbox 267 2577 381 2639; x_wconf 90' lang='lat' dir='ltr'>lendas</span> <span class='ocrx_word' id='word_1_211' title='bbox 404 2573 507 2644; x_wconf 88' lang='lat' dir='ltr'>iulias,</span> <span class='ocrx_word' id='word_1_212' title='bbox 533 2572 734 2649; x_wconf 86' lang='lat' dir='ltr'>pontificatus</span> <span class='ocrx_word' id='word_1_213' title='bbox 755 2570 854 2631; x_wconf 89' lang='lat' dir='ltr'>nostri</span> <span class='ocrx_word' id='word_1_214' title='bbox 872 2585 954 2630; x_wconf 90' lang='lat' dir='ltr'>anno</span> <span class='ocrx_word' id='word_1_215' title='bbox 970 2587 1018 2632; x_wconf 89' lang='lat' dir='ltr'>iii.</span> <span class='ocrx_word' id='word_1_216' title='bbox 1078 2573 1191 2628; x_wconf 87' lang='lat' dir='ltr'>tortam</span> <span class='ocrx_word' id='word_1_217' title='bbox 1217 2567 1312 2628; x_wconf 86' lang='lat' dir='ltr'>luisse</span> <span class='ocrx_word' id='word_1_218' title='bbox 1334 2567 1565 2630; x_wconf 83' lang='lat' dir='ltr'>intelleximus.</span> 
     </span>
    </p>
   </div>
   <div class='ocr_carea' id='block_1_3' title="bbox 628 2659 2062 2934">
    <p class='ocr_par' dir='ltr' id='par_1_3' title="bbox 628 2659 2062 2934">
     <span class='ocr_line' id='line_1_23' title="bbox 1117 2659 2060 2750; baseline 0.002 -27"><span class='ocrx_word' id='word_1_219' title='bbox 1117 2662 1185 2735; x_wconf 66' lang='lat'>§2</span> <span class='ocrx_word' id='word_1_220' title='bbox 1209 2659 1311 2734; x_wconf 85' lang='lat' dir='ltr'>Quare</span> <span class='ocrx_word' id='word_1_221' title='bbox 1332 2677 1390 2722; x_wconf 93' lang='lat' dir='ltr'>nos</span> <span class='ocrx_word' id='word_1_222' title='bbox 1413 2661 1489 2738; x_wconf 90' lang='lat' dir='ltr'>ipsi,</span> <span class='ocrx_word' id='word_1_223' title='bbox 1518 2664 1634 2740; x_wconf 84' lang='lat' dir='ltr'>quibus</span> <span class='ocrx_word' id='word_1_224' title='bbox 1657 2683 1731 2728; x_wconf 90' lang='lat' dir='ltr'>eura</span> <span class='ocrx_word' id='word_1_225' title='bbox 1756 2685 1826 2746; x_wconf 90' lang='lat' dir='ltr'>spe·</span> <span class='ocrx_word' id='word_1_226' title='bbox 1864 2671 1999 2750; x_wconf 64' lang='lat' dir='ltr'>,Statuitur</span> <span class='ocrx_word' id='word_1_227' title='bbox 2016 2669 2060 2747; x_wconf 59' lang='lat' dir='ltr'>ugi-</span> 
     </span>
     <span class='ocr_line' id='line_1_24' title="bbox 1077 2731 2062 2842; baseline 0.006 -28"><span class='ocrx_word' id='word_1_228' title='bbox 1077 2754 1162 2815; x_wconf 91' lang='lat' dir='ltr'>cialis</span> <span class='ocrx_word' id='word_1_229' title='bbox 1196 2754 1361 2825; x_wconf 89' lang='lat' dir='ltr'>incumbit,</span> <span class='ocrx_word' id='word_1_230' title='bbox 1395 2763 1430 2816; x_wconf 92' lang='lat' dir='ltr'>nt</span> <span class='ocrx_word' id='word_1_231' title='bbox 1451 2759 1638 2820; x_wconf 89' lang='lat' dir='ltr'>auctoritate</span> <span class='ocrx_word' id='word_1_232' title='bbox 1669 2762 1760 2822; x_wconf 90' lang='lat' dir='ltr'>nobis</span> <span class='ocrx_word' id='word_1_233' title='bbox 1783 2763 1826 2823; x_wconf 94' lang='lat' dir='ltr'>di·</span> <span class='ocrx_word' id='word_1_234' title='bbox 1847 2731 2062 2842; x_wconf 55' lang='lat' dir='ltr'>ii¹⁸²issnffssflii¹132</span> 
     </span>
     <span class='ocr_line' id='line_1_25' title="bbox 628 2833 2061 2934; baseline -0.003 -16"><span class='ocrx_word' id='word_1_235' title='bbox 628 2857 665 2918; x_wconf 85' lang='lat' dir='ltr'>t.</span> <span class='ocrx_word' id='word_1_236' title='bbox 1008 2853 1011 2862; x_wconf 91' lang='grc'><strong>’</strong></span> <span class='ocrx_word' id='word_1_237' title='bbox 1078 2848 1198 2909; x_wconf 83' lang='lat' dir='ltr'>vinitus</span> <span class='ocrx_word' id='word_1_238' title='bbox 1230 2849 1340 2910; x_wconf 89' lang='lat' dir='ltr'>tradita</span> <span class='ocrx_word' id='word_1_239' title='bbox 1369 2848 1417 2910; x_wconf 90' lang='lat' dir='ltr'>ius</span> <span class='ocrx_word' id='word_1_240' title='bbox 1442 2866 1535 2910; x_wconf 92' lang='lat' dir='ltr'>suuni</span> <span class='ocrx_word' id='word_1_241' title='bbox 1566 2853 1740 2931; x_wconf 85' lang='lat' dir='ltr'>unicuique</span> <span class='ocrx_word' id='word_1_242' title='bbox 1770 2873 1827 2934; x_wconf 91' lang='lat' dir='ltr'>pro</span> <span class='ocrx_word' id='word_1_243' title='bbox 1847 2833 2061 2929; x_wconf 53' lang='lat' dir='ltr'>¹02}¹,{,¹¹,2{¹,¹{.¹,}³&#39;{?,f</span> 
     </span>
    </p>
   </div>
   <div class='ocr_carea' id='block_1_4' title="bbox 271 2939 2063 3586">
    <p class='ocr_par' dir='ltr' id='par_1_4' title="bbox 1079 2939 2063 3036">
     <span class='ocr_line' id='line_1_26' title="bbox 1079 2939 2063 3036; baseline 0.007 -36"><span class='ocrx_word' id='word_1_244' title='bbox 1079 2941 1164 3002; x_wconf 89' lang='lat' dir='ltr'>virili</span> <span class='ocrx_word' id='word_1_245' title='bbox 1185 2957 1364 3014; x_wconf 78' lang='lat' dir='ltr'>servemus</span> <span class='ocrx_word' id='word_1_246' title='bbox 1388 2949 1482 3030; x_wconf 81' lang='lat' dir='ltr'>atoue</span> <span class='ocrx_word' id='word_1_247' title='bbox 1505 2942 1638 3007; x_wconf 88' lang='lat' dir='ltr'>Ordines</span> <span class='ocrx_word' id='word_1_248' title='bbox 1662 2949 1828 3024; x_wconf 77' lang='lat' dir='ltr'>regulares</span> <span class='ocrx_word' id='word_1_249' title='bbox 1848 2939 2063 3036; x_wconf 45' lang='lat' dir='ltr'>{giglfgslsffl</span> 
     </span>
    </p>

    <p class='ocr_par' dir='ltr' id='par_1_5' title="bbox 271 3033 1910 3586">
     <span class='ocr_line' id='line_1_27' title="bbox 271 3033 1910 3128; baseline -0.002 -20"><span class='ocrx_word' id='word_1_250' title='bbox 271 3051 399 3114; x_wconf 77' lang='lat' dir='ltr'>statuit</span> <span class='ocrx_word' id='word_1_251' title='bbox 421 3047 576 3128; x_wconf 81' lang='lat' dir='ltr'>quaedum</span> <span class='ocrx_word' id='word_1_252' title='bbox 597 3061 654 3126; x_wconf 88' lang='lat' dir='ltr'>pro</span> <span class='ocrx_word' id='word_1_253' title='bbox 686 3033 853 3106; x_wconf 64' lang='lat' dir='ltr'>fertiori&#39;is</span> <span class='ocrx_word' id='word_1_254' title='bbox 881 3042 938 3107; x_wconf 86' lang='lat' dir='ltr'>sub</span> <span class='ocrx_word' id='word_1_255' title='bbox 968 3043 1025 3106; x_wconf 83' lang='lat' dir='ltr'>itt-</span> <span class='ocrx_word' id='word_1_256' title='bbox 1080 3035 1257 3114; x_wconf 83' lang='lat' dir='ltr'>privilegiis</span> <span class='ocrx_word' id='word_1_257' title='bbox 1286 3036 1326 3097; x_wconf 97' lang='lat' dir='ltr'>ob</span> <span class='ocrx_word' id='word_1_258' title='bbox 1358 3053 1489 3098; x_wconf 88' lang='lat' dir='ltr'>suarum</span> <span class='ocrx_word' id='word_1_259' title='bbox 1523 3041 1681 3102; x_wconf 91' lang='lat' dir='ltr'>virtutum</span> <span class='ocrx_word' id='word_1_260' title='bbox 1716 3045 1829 3106; x_wconf 90' lang='lat' dir='ltr'>merita</span> <span class='ocrx_word' id='word_1_261' title='bbox 1850 3047 1910 3090; x_wconf 57' lang='lat' dir='ltr'>iios</span> 
     </span>
     <span class='ocr_line' id='line_1_28' title="bbox 317 3129 1830 3207; baseline -0.005 -1"><span class='ocrx_word' id='word_1_262' title='bbox 317 3159 432 3206; x_wconf 84' lang='lat' dir='ltr'>nurum</span> <span class='ocrx_word' id='word_1_263' title='bbox 450 3137 1025 3202; x_wconf 82' lang='lat' dir='ltr'>Conoeoticuliumdirectioocoioau-</span> <span class='ocrx_word' id='word_1_264' title='bbox 1080 3129 1139 3190; x_wconf 88' lang='lat' dir='ltr'>sibi</span> <span class='ocrx_word' id='word_1_265' title='bbox 1161 3129 1198 3190; x_wconf 94' lang='lat' dir='ltr'>ab</span> <span class='ocrx_word' id='word_1_266' title='bbox 1222 3129 1277 3190; x_wconf 90' lang='lat' dir='ltr'>bac</span> <span class='ocrx_word' id='word_1_267' title='bbox 1304 3129 1413 3192; x_wconf 89' lang='lat' dir='ltr'>Sancta</span> <span class='ocrx_word' id='word_1_268' title='bbox 1437 3129 1615 3207; x_wconf 79' lang='lat' dir='ltr'>Apostolica</span> <span class='ocrx_word' id='word_1_269' title='bbox 1647 3133 1728 3196; x_wconf 89' lang='lat' dir='ltr'>Sede</span> <span class='ocrx_word' id='word_1_270' title='bbox 1758 3153 1830 3198; x_wconf 92' lang='lat' dir='ltr'>oon·</span> 
     </span>
     <span class='ocr_line' id='line_1_29' title="bbox 319 3222 1831 3314; baseline 0.012 -40"><span class='ocrx_word' id='word_1_271' title='bbox 319 3235 402 3300; x_wconf 57' lang='lat' dir='ltr'>pipp,</span> <span class='ocrx_word' id='word_1_272' title='bbox 422 3235 478 3314; x_wconf 54' lang='grc' dir='ltr'>(ῃ)ι</span> <span class='ocrx_word' id='word_1_273' title='bbox 1081 3223 1177 3284; x_wconf 87' lang='lat' dir='ltr'>cessis</span> <span class='ocrx_word' id='word_1_274' title='bbox 1199 3222 1327 3299; x_wconf 82' lang='lat' dir='ltr'>pacifice</span> <span class='ocrx_word' id='word_1_275' title='bbox 1356 3223 1387 3283; x_wconf 91' lang='lat' dir='ltr'>in</span> <span class='ocrx_word' id='word_1_276' title='bbox 1417 3223 1552 3286; x_wconf 88' lang='lat' dir='ltr'>Domino</span> <span class='ocrx_word' id='word_1_277' title='bbox 1582 3233 1724 3300; x_wconf 86' lang='lat' dir='ltr'>utantur,</span> <span class='ocrx_word' id='word_1_278' title='bbox 1759 3231 1831 3292; x_wconf 91' lang='lat' dir='ltr'>liuic</span> 
     </span>
     <span class='ocr_line' id='line_1_30' title="bbox 1082 3315 1832 3392; baseline 0.009 -14"><span class='ocrx_word' id='word_1_279' title='bbox 1082 3315 1212 3378; x_wconf 91' lang='lat' dir='ltr'>dissidio</span> <span class='ocrx_word' id='word_1_280' title='bbox 1236 3323 1304 3392; x_wconf 85' lang='lat' dir='ltr'>post</span> <span class='ocrx_word' id='word_1_281' title='bbox 1328 3325 1485 3378; x_wconf 88' lang='lat' dir='ltr'>maturam</span> <span class='ocrx_word' id='word_1_282' title='bbox 1501 3318 1764 3384; x_wconf 85' lang='lat' dir='ltr'>deliberationem</span> <span class='ocrx_word' id='word_1_283' title='bbox 1783 3341 1832 3385; x_wconf 91' lang='lat' dir='ltr'>oc-</span> 
     </span>
     <span class='ocr_line' id='line_1_31' title="bbox 408 3409 1833 3488; baseline -0.001 -7"><span class='ocrx_word' id='word_1_284' title='bbox 408 3413 655 3483; x_wconf 71' lang='lat' dir='ltr'>benedictus</span> <span class='ocrx_word' id='word_1_285' title='bbox 678 3413 898 3481; x_wconf 76' lang='lat' dir='ltr'>EPlSGOPUS</span> <span class='ocrx_word' id='word_1_286' title='bbox 1082 3425 1215 3473; x_wconf 89' lang='lat' dir='ltr'>currere</span> <span class='ocrx_word' id='word_1_287' title='bbox 1232 3409 1389 3479; x_wconf 86' lang='lat' dir='ltr'>volentes,</span> <span class='ocrx_word' id='word_1_288' title='bbox 1408 3413 1628 3488; x_wconf 86' lang='lat' dir='ltr'>praesentibus</span> <span class='ocrx_word' id='word_1_289' title='bbox 1653 3415 1753 3478; x_wconf 86' lang='lat' dir='ltr'>literis</span> <span class='ocrx_word' id='word_1_290' title='bbox 1778 3434 1833 3480; x_wconf 94' lang='lat' dir='ltr'>no·</span> 
     </span>
     <span class='ocr_line' id='line_1_32' title="bbox 1084 3505 1834 3586; baseline 0.009 -20"><span class='ocrx_word' id='word_1_291' title='bbox 1084 3505 1158 3567; x_wconf 85' lang='lat' dir='ltr'>stris</span> <span class='ocrx_word' id='word_1_292' title='bbox 1182 3513 1374 3581; x_wconf 88' lang='lat' dir='ltr'>perpetuum</span> <span class='ocrx_word' id='word_1_293' title='bbox 1408 3505 1508 3568; x_wconf 92' lang='lat' dir='ltr'>robur</span> <span class='ocrx_word' id='word_1_294' title='bbox 1537 3508 1749 3586; x_wconf 91' lang='lat' dir='ltr'>imposterum</span> <span class='ocrx_word' id='word_1_295' title='bbox 1782 3513 1834 3573; x_wconf 91' lang='lat' dir='ltr'>lia-</span> 
     </span>
    </p>
   </div>
   <div class='ocr_carea' id='block_1_5' title="bbox 465 3577 1832 3679">
    <p class='ocr_par' dir='ltr' id='par_1_6' title="bbox 465 3577 1832 3679">
     <span class='ocr_line' id='line_1_33' title="bbox 465 3577 1832 3679; baseline 0.012 -29"><span class='ocrx_word' id='word_1_296' title='bbox 465 3595 575 3644; x_wconf 75' lang='lat' dir='ltr'>80ttlt⁸</span> <span class='ocrx_word' id='word_1_297' title='bbox 598 3593 754 3644; x_wconf 65' lang='lat' dir='ltr'>Sirbitum</span> <span class='ocrx_word' id='word_1_298' title='bbox 777 3577 841 3652; x_wconf 66' lang='lat'>⁰05·</span> <span class='ocrx_word' id='word_1_299' title='bbox 1085 3595 1211 3668; x_wconf 87' lang='lat' dir='ltr'>bituris,</span> <span class='ocrx_word' id='word_1_300' title='bbox 1236 3606 1325 3660; x_wconf 90' lang='lat' dir='ltr'>motu</span> <span class='ocrx_word' id='word_1_301' title='bbox 1343 3600 1471 3676; x_wconf 92' lang='lat' dir='ltr'>proprio</span> <span class='ocrx_word' id='word_1_302' title='bbox 1488 3611 1519 3663; x_wconf 90' lang='lat' dir='ltr'>et</span> <span class='ocrx_word' id='word_1_303' title='bbox 1534 3619 1573 3665; x_wconf 88' lang='lat' dir='ltr'>eii</span> <span class='ocrx_word' id='word_1_304' title='bbox 1589 3614 1674 3668; x_wconf 91' lang='lat' dir='ltr'>certa</span> <span class='ocrx_word' id='word_1_305' title='bbox 1689 3607 1832 3679; x_wconf 89' lang='lat' dir='ltr'>scientia,</span> 
     </span>
    </p>
   </div>
   <div class='ocr_carea' id='block_1_6' title="bbox 37 3692 2073 4522">
    <p class='ocr_par' dir='ltr' id='par_1_7' title="bbox 400 3692 1835 3784">
     <span class='ocr_line' id='line_1_34' title="bbox 400 3692 1835 3784; baseline 0.002 -27"><span class='ocrx_word' id='word_1_306' title='bbox 400 3701 436 3768; x_wconf 79' lang='lat' dir='ltr'>ad</span> <span class='ocrx_word' id='word_1_307' title='bbox 459 3705 635 3784; x_wconf 73' lang='lat' dir='ltr'>pei-peluem</span> <span class='ocrx_word' id='word_1_308' title='bbox 658 3699 701 3766; x_wconf 77' lang='lat' dir='ltr'>pei</span> <span class='ocrx_word' id='word_1_309' title='bbox 728 3700 909 3766; x_wconf 76' lang='lat' dir='ltr'>memoriam,</span> <span class='ocrx_word' id='word_1_310' title='bbox 1086 3692 1293 3763; x_wconf 71' lang='lat' dir='ltr'>declaramus</span> <span class='ocrx_word' id='word_1_311' title='bbox 1307 3694 1465 3754; x_wconf 80' lang='lat' dir='ltr'>sancimus</span> <span class='ocrx_word' id='word_1_312' title='bbox 1477 3704 1572 3773; x_wconf 85' lang='lat' dir='ltr'>dique</span> <span class='ocrx_word' id='word_1_313' title='bbox 1584 3699 1765 3771; x_wconf 71' lang='lat' dir='ltr'>statuimus</span> <span class='ocrx_word' id='word_1_314' title='bbox 1779 3701 1835 3762; x_wconf 88' lang='lat' dir='ltr'>uni</span> 
     </span>
    </p>

    <p class='ocr_par' dir='ltr' id='par_1_8' title="bbox 530 3787 1836 3872">
     <span class='ocr_line' id='line_1_35' title="bbox 530 3787 1836 3872; baseline 0.011 -31"><span class='ocrx_word' id='word_1_315' title='bbox 530 3823 531 3826; x_wconf 63' lang='lat'>,</span> <span class='ocrx_word' id='word_1_316' title='bbox 1087 3787 1235 3849; x_wconf 88' lang='lat' dir='ltr'>ministro</span> <span class='ocrx_word' id='word_1_317' title='bbox 1259 3788 1400 3865; x_wconf 85' lang='lat' dir='ltr'>generali</span> <span class='ocrx_word' id='word_1_318' title='bbox 1424 3798 1456 3850; x_wconf 90' lang='lat' dir='ltr'>et</span> <span class='ocrx_word' id='word_1_319' title='bbox 1477 3793 1672 3853; x_wconf 83' lang='lat' dir='ltr'>secundariis</span> <span class='ocrx_word' id='word_1_320' title='bbox 1693 3795 1836 3872; x_wconf 89' lang='lat' dir='ltr'>superio-</span> 
     </span>
    </p>

    <p class='ocr_par' dir='ltr' id='par_1_9' title="bbox 323 3881 1835 3968">
     <span class='ocr_line' id='line_1_36' title="bbox 323 3881 1835 3968; baseline -0.001 -17"><span class='ocrx_word' id='word_1_321' title='bbox 323 3890 503 3968; x_wconf 80' lang='lat' dir='ltr'>Singularis</span> <span class='ocrx_word' id='word_1_322' title='bbox 526 3889 667 3960; x_wconf 78' lang='lat' dir='ltr'>devotio,</span> <span class='ocrx_word' id='word_1_323' title='bbox 692 3904 786 3966; x_wconf 88' lang='lat' dir='ltr'>quani</span> <span class='ocrx_word' id='word_1_324' title='bbox 811 3889 1031 3965; x_wconf 83' lang='lat' dir='ltr'>ergabeaium</span> <span class='ocrx_word' id='word_1_325' title='bbox 1087 3881 1177 3944; x_wconf 90' lang='lat' dir='ltr'>ribus</span> <span class='ocrx_word' id='word_1_326' title='bbox 1217 3881 1343 3944; x_wconf 85' lang='lat' dir='ltr'>Ordinis</span> <span class='ocrx_word' id='word_1_327' title='bbox 1382 3881 1517 3944; x_wconf 79' lang='lat' dir='ltr'>fratrum</span> <span class='ocrx_word' id='word_1_328' title='bbox 1555 3885 1713 3948; x_wconf 89' lang='lat' dir='ltr'>Minoruni</span> <span class='ocrx_word' id='word_1_329' title='bbox 1755 3889 1835 3950; x_wconf 89' lang='lat' dir='ltr'>beati</span> 
     </span>
    </p>

    <p class='ocr_par' dir='ltr' id='par_1_10' title="bbox 278 3974 1835 4054">
     <span class='ocr_line' id='line_1_37' title="bbox 278 3974 1835 4054; baseline -0.001 -7"><span class='ocrx_word' id='word_1_330' title='bbox 278 3984 485 4047; x_wconf 77' lang='lat' dir='ltr'>franciscum</span> <span class='ocrx_word' id='word_1_331' title='bbox 509 3981 636 4044; x_wconf 91' lang='lat' dir='ltr'>Ordinis</span> <span class='ocrx_word' id='word_1_332' title='bbox 659 3981 794 4044; x_wconf 90' lang='lat' dir='ltr'>fratrum</span> <span class='ocrx_word' id='word_1_333' title='bbox 818 3983 978 4045; x_wconf 89' lang='lat' dir='ltr'>llinorum</span> <span class='ocrx_word' id='word_1_334' title='bbox 1002 3983 1033 4045; x_wconf 92' lang='lat' dir='ltr'>in</span> <span class='ocrx_word' id='word_1_335' title='bbox 1088 3976 1255 4048; x_wconf 75' lang='lat' dir='ltr'>francisci,</span> <span class='ocrx_word' id='word_1_336' title='bbox 1270 3977 1322 4052; x_wconf 68' lang='lat' dir='ltr'>(lui</span> <span class='ocrx_word' id='word_1_337' title='bbox 1340 3974 1576 4040; x_wconf 62' lang='lat' dir='ltr'>COOVesslutl&#39;es</span> <span class='ocrx_word' id='word_1_338' title='bbox 1592 3980 1753 4054; x_wconf 82' lang='lat' dir='ltr'>dicuntur,</span> <span class='ocrx_word' id='word_1_339' title='bbox 1772 3999 1835 4044; x_wconf 90' lang='lat' dir='ltr'>uon</span> 
     </span>
    </p>

    <p class='ocr_par' dir='ltr' id='par_1_11' title="bbox 279 4070 1836 4157">
     <span class='ocr_line' id='line_1_38' title="bbox 279 4070 1836 4157; baseline -0.001 -17"><span class='ocrx_word' id='word_1_340' title='bbox 279 4080 394 4157; x_wconf 86' lang='lat' dir='ltr'>plures</span> <span class='ocrx_word' id='word_1_341' title='bbox 417 4077 550 4139; x_wconf 87' lang='lat' dir='ltr'>familias</span> <span class='ocrx_word' id='word_1_342' title='bbox 573 4076 710 4138; x_wconf 88' lang='lat' dir='ltr'>distincti</span> <span class='ocrx_word' id='word_1_343' title='bbox 727 4076 906 4153; x_wconf 89' lang='lat' dir='ltr'>piissimum</span> <span class='ocrx_word' id='word_1_344' title='bbox 927 4078 1034 4139; x_wconf 92' lang='lat' dir='ltr'>condi·</span> <span class='ocrx_word' id='word_1_345' title='bbox 1090 4085 1168 4132; x_wconf 85' lang='lat' dir='ltr'>tero</span> <span class='ocrx_word' id='word_1_346' title='bbox 1189 4070 1257 4132; x_wconf 88' lang='lat' dir='ltr'>aliis</span> <span class='ocrx_word' id='word_1_347' title='bbox 1280 4071 1500 4132; x_wconf 87' lang='lat' dir='ltr'>auctoritatem</span> <span class='ocrx_word' id='word_1_348' title='bbox 1525 4079 1556 4134; x_wconf 90' lang='lat' dir='ltr'>et</span> <span class='ocrx_word' id='word_1_349' title='bbox 1583 4074 1836 4139; x_wconf 87' lang='lat' dir='ltr'>iurisdictionem</span> 
     </span>
    </p>

    <p class='ocr_par' dir='ltr' id='par_1_12' title="bbox 280 4163 1794 4248">
     <span class='ocr_line' id='line_1_39' title="bbox 280 4163 1794 4248; baseline 0.001 -18"><span class='ocrx_word' id='word_1_350' title='bbox 280 4183 389 4234; x_wconf 89' lang='lat' dir='ltr'>torem</span> <span class='ocrx_word' id='word_1_351' title='bbox 413 4171 614 4248; x_wconf 84' lang='lat' dir='ltr'>profitemur,</span> <span class='ocrx_word' id='word_1_352' title='bbox 638 4169 709 4230; x_wconf 90' lang='lat' dir='ltr'>inre</span> <span class='ocrx_word' id='word_1_353' title='bbox 732 4169 833 4246; x_wconf 83' lang='lat' dir='ltr'>exigit</span> <span class='ocrx_word' id='word_1_354' title='bbox 855 4179 890 4232; x_wconf 90' lang='lat' dir='ltr'>ut</span> <span class='ocrx_word' id='word_1_355' title='bbox 905 4173 1035 4232; x_wconf 89' lang='lat' dir='ltr'>univer·</span> <span class='ocrx_word' id='word_1_356' title='bbox 1089 4165 1122 4225; x_wconf 93' lang='lat' dir='ltr'>iii</span> <span class='ocrx_word' id='word_1_357' title='bbox 1144 4180 1218 4226; x_wconf 89' lang='lat' dir='ltr'>suos</span> <span class='ocrx_word' id='word_1_358' title='bbox 1241 4163 1411 4225; x_wconf 78' lang='lat' dir='ltr'>ferriarios</span> <span class='ocrx_word' id='word_1_359' title='bbox 1428 4164 1538 4226; x_wconf 90' lang='lat' dir='ltr'>deberi</span> <span class='ocrx_word' id='word_1_360' title='bbox 1554 4175 1585 4228; x_wconf 89' lang='lat' dir='ltr'>et</span> <span class='ocrx_word' id='word_1_361' title='bbox 1600 4181 1794 4248; x_wconf 90' lang='lat' dir='ltr'>competere.</span> 
     </span>
    </p>

    <p class='ocr_par' dir='ltr' id='par_1_13' title="bbox 37 4256 2073 4724">
     <span class='ocr_line' id='line_1_40' title="bbox 37 4256 2072 4346; baseline -0.002 -19"><span class='ocrx_word' id='word_1_362' title='bbox 37 4329 39 4346; x_wconf 46' lang='lat'>,</span> <span class='ocrx_word' id='word_1_363' title='bbox 280 4266 438 4328; x_wconf 80' lang='lat' dir='ltr'>sostenii</span> <span class='ocrx_word' id='word_1_364' title='bbox 463 4263 602 4340; x_wconf 90' lang='lat' dir='ltr'>parentis</span> <span class='ocrx_word' id='word_1_365' title='bbox 617 4262 786 4339; x_wconf 82' lang='lat' dir='ltr'>religiosos</span> <span class='ocrx_word' id='word_1_366' title='bbox 803 4264 885 4325; x_wconf 87' lang='lat' dir='ltr'>illios</span> <span class='ocrx_word' id='word_1_367' title='bbox 903 4265 967 4341; x_wconf 91' lang='lat' dir='ltr'>pari</span> <span class='ocrx_word' id='word_1_368' title='bbox 982 4281 1036 4326; x_wconf 94' lang='lat' dir='ltr'>no·</span> <span class='ocrx_word' id='word_1_369' title='bbox 1129 4259 1147 4332; x_wconf 70' lang='grc' dir='ltr'><strong>ἓ</strong></span> <span class='ocrx_word' id='word_1_370' title='bbox 1170 4256 1198 4319; x_wconf 80' lang='lat'>3.</span> <span class='ocrx_word' id='word_1_371' title='bbox 1224 4257 1307 4318; x_wconf 89' lang='lat' dir='ltr'>llario</span> <span class='ocrx_word' id='word_1_372' title='bbox 1330 4266 1435 4320; x_wconf 87' lang='lat' dir='ltr'>autem</span> <span class='ocrx_word' id='word_1_373' title='bbox 1459 4261 1680 4322; x_wconf 88' lang='lat' dir='ltr'>auctoritatem</span> <span class='ocrx_word' id='word_1_374' title='bbox 1697 4273 1728 4325; x_wconf 92' lang='lat' dir='ltr'>et</span> <span class='ocrx_word' id='word_1_375' title='bbox 1749 4265 1839 4324; x_wconf 91' lang='lat' dir='ltr'>iuris·</span> <span class='ocrx_word' id='word_1_376' title='bbox 1875 4277 2072 4342; x_wconf 61' lang='lat' dir='ltr'>iniuniaiautui·</span> 
     </span>
     <span class='ocr_line' id='line_1_41' title="bbox 38 4331 2073 4445; baseline -0.002 -23"><span class='ocrx_word' id='word_1_377' title='bbox 38 4349 39 4400; x_wconf 61' lang='lat' dir='ltr'>i</span> <span class='ocrx_word' id='word_1_378' title='bbox 281 4369 371 4422; x_wconf 87' lang='lat' dir='ltr'>strae</span> <span class='ocrx_word' id='word_1_379' title='bbox 387 4355 632 4420; x_wconf 84' lang='lat' dir='ltr'>benevolentiae</span> <span class='ocrx_word' id='word_1_380' title='bbox 648 4357 882 4432; x_wconf 80' lang='lat' dir='ltr'>significatione</span> <span class='ocrx_word' id='word_1_381' title='bbox 896 4359 1037 4434; x_wconf 92' lang='lat' dir='ltr'>comple·</span> <span class='ocrx_word' id='word_1_382' title='bbox 1091 4351 1262 4413; x_wconf 88' lang='lat' dir='ltr'>dictionem</span> <span class='ocrx_word' id='word_1_383' title='bbox 1276 4351 1387 4412; x_wconf 84' lang='lat' dir='ltr'>iisdem</span> <span class='ocrx_word' id='word_1_384' title='bbox 1400 4351 1551 4414; x_wconf 87' lang='lat' dir='ltr'>fratribus</span> <span class='ocrx_word' id='word_1_385' title='bbox 1566 4353 1839 4419; x_wconf 76' lang='lat' dir='ltr'>conventualibus</span> <span class='ocrx_word' id='word_1_386' title='bbox 1857 4331 1933 4442; x_wconf 52' lang='lat' dir='ltr'>ffp‘iff&#39;</span> <span class='ocrx_word' id='word_1_387' title='bbox 1948 4333 2073 4445; x_wconf 55' lang='grc' dir='ltr'>οὲῖῗὲὶῗῖξῖζ</span> 
     </span>
     <span class='ocr_line' id='line_1_42' title="bbox 282 4437 2072 4522; baseline -0.001 -8.361"><span class='ocrx_word' id='word_1_388' title='bbox 282 4461 422 4520; x_wconf 83' lang='lat' dir='ltr'>otamur,</span> <span class='ocrx_word' id='word_1_389' title='bbox 447 4456 479 4510; x_wconf 88' lang='lat' dir='ltr'>et</span> <span class='ocrx_word' id='word_1_390' title='bbox 502 4448 607 4509; x_wconf 90' lang='lat' dir='ltr'>omnia</span> <span class='ocrx_word' id='word_1_391' title='bbox 630 4447 734 4510; x_wconf 85' lang='lat' dir='ltr'>litium</span> <span class='ocrx_word' id='word_1_392' title='bbox 758 4449 880 4510; x_wconf 88' lang='lat' dir='ltr'>semina</span> <span class='ocrx_word' id='word_1_393' title='bbox 902 4449 1036 4522; x_wconf 87' lang='lat' dir='ltr'>exiliis,</span> <span class='ocrx_word' id='word_1_394' title='bbox 1092 4444 1357 4521; x_wconf 86' lang='lat' dir='ltr'>piaememoriae</span> <span class='ocrx_word' id='word_1_395' title='bbox 1388 4444 1519 4506; x_wconf 87' lang='lat' dir='ltr'>ltoinani</span> <span class='ocrx_word' id='word_1_396' title='bbox 1553 4445 1721 4510; x_wconf 89' lang='lat' dir='ltr'>Pontifices</span> <span class='ocrx_word' id='word_1_397' title='bbox 1754 4439 1942 4512; x_wconf 67' lang='lat' dir='ltr'>ante-²¹⁰¹¹⁹⁵</span> <span class='ocrx_word' id='word_1_398' title='bbox 1977 4437 2072 4498; x_wconf 49' lang='grc' dir='ltr'>ΨΜ</span> 
     </span>
    </p>
   </div>
   <div class='ocr_carea' id='block_1_7' title="bbox 1860 4489 2073 4543">
    <p class='ocr_par' dir='ltr' id='par_1_14' title="bbox 1860 4489 2073 4543">
     <span class='ocr_line' id='line_1_43' title="bbox 1860 4489 2073 4543; baseline 0.009 -11"><span class='ocrx_word' id='word_1_399' title='bbox 1860 4489 1977 4543; x_wconf 72' lang='lat' dir='ltr'>praeliata</span> <span class='ocrx_word' id='word_1_400' title='bbox 1997 4491 2073 4534; x_wconf 91' lang='lat' dir='ltr'>iuris·</span> 
     </span>
    </p>
   </div>
   <div class='ocr_carea' id='block_1_8' title="bbox 283 4539 2075 4714">
    <p class='ocr_par' dir='ltr' id='par_1_15' title="bbox 283 4539 2075 4714">
     <span class='ocr_line' id='line_1_44' title="bbox 284 4539 2075 4641; baseline 0.003 -37"><span class='ocrx_word' id='word_1_401' title='bbox 284 4545 344 4622; x_wconf 84' lang='lat' dir='ltr'>qui</span> <span class='ocrx_word' id='word_1_402' title='bbox 360 4543 419 4604; x_wconf 88' lang='lat' dir='ltr'>sub</span> <span class='ocrx_word' id='word_1_403' title='bbox 433 4543 504 4604; x_wconf 89' lang='lat' dir='ltr'>eius</span> <span class='ocrx_word' id='word_1_404' title='bbox 520 4540 632 4616; x_wconf 85' lang='lat' dir='ltr'>regula</span> <span class='ocrx_word' id='word_1_405' title='bbox 648 4539 713 4602; x_wconf 88' lang='lat' dir='ltr'>Deo</span> <span class='ocrx_word' id='word_1_406' title='bbox 729 4539 934 4612; x_wconf 79' lang='lat' dir='ltr'>famulantur,</span> <span class='ocrx_word' id='word_1_407' title='bbox 949 4559 1039 4620; x_wconf 92' lang='lat' dir='ltr'>pror·</span> <span class='ocrx_word' id='word_1_408' title='bbox 1092 4553 1236 4600; x_wconf 90' lang='lat' dir='ltr'>cessores</span> <span class='ocrx_word' id='word_1_409' title='bbox 1260 4539 1361 4600; x_wconf 90' lang='lat' dir='ltr'>nostri</span> <span class='ocrx_word' id='word_1_410' title='bbox 1386 4540 1530 4617; x_wconf 90' lang='lat' dir='ltr'>pluribus</span> <span class='ocrx_word' id='word_1_411' title='bbox 1552 4542 1589 4602; x_wconf 92' lang='lat' dir='ltr'>ab</span> <span class='ocrx_word' id='word_1_412' title='bbox 1614 4541 1686 4604; x_wconf 90' lang='lat' dir='ltr'>binc</span> <span class='ocrx_word' id='word_1_413' title='bbox 1706 4545 1840 4606; x_wconf 88' lang='lat' dir='ltr'>saeculis</span> <span class='ocrx_word' id='word_1_414' title='bbox 1859 4541 2075 4641; x_wconf 46' lang='lat' dir='ltr'>filgiistontpgffflg</span> 
     </span>
     <span class='ocr_line' id='line_1_45' title="bbox 283 4628 2074 4714; baseline -0.006 -16"><span class='ocrx_word' id='word_1_415' title='bbox 283 4653 342 4698; x_wconf 87' lang='lat' dir='ltr'>sus</span> <span class='ocrx_word' id='word_1_416' title='bbox 365 4633 507 4696; x_wconf 88' lang='lat' dir='ltr'>evellere</span> <span class='ocrx_word' id='word_1_417' title='bbox 529 4633 727 4694; x_wconf 84' lang='lat' dir='ltr'>studeamus.</span> <span class='ocrx_word' id='word_1_418' title='bbox 1093 4631 1263 4709; x_wconf 89' lang='lat' dir='ltr'>apostolica</span> <span class='ocrx_word' id='word_1_419' title='bbox 1286 4631 1431 4708; x_wconf 78' lang='lat' dir='ltr'>largitate</span> <span class='ocrx_word' id='word_1_420' title='bbox 1447 4633 1673 4710; x_wconf 82' lang='lat' dir='ltr'>indulserunt3</span> <span class='ocrx_word' id='word_1_421' title='bbox 1692 4637 1841 4700; x_wconf 90' lang='lat' dir='ltr'>videlicet</span> <span class='ocrx_word' id='word_1_422' title='bbox 1860 4628 1930 4714; x_wconf 57' lang='lat' dir='ltr'>iiius</span> <span class='ocrx_word' id='word_1_423' title='bbox 1952 4661 2074 4695; x_wconf 72' lang='lat' dir='ltr'>concessa</span> 
     </span>
    </p>
   </div>
   <div class='ocr_carea' id='block_1_9' title="bbox 79 4702 1917 4898">
    <p class='ocr_par' dir='ltr' id='par_1_16' title="bbox 79 4702 1917 4898">
     <span class='ocr_line' id='line_1_46' title="bbox 90 4702 1917 4806; baseline 0.009 -28"><span class='ocrx_word' id='word_1_424' title='bbox 90 4741 224 4784; x_wconf 72' lang='lat' dir='ltr'>constituito</span> <span class='ocrx_word' id='word_1_425' title='bbox 239 4751 265 4782; x_wconf 81' lang='lat' dir='ltr'>e·</span> <span class='ocrx_word' id='word_1_426' title='bbox 291 4757 294 4762; x_wconf 33' lang='grc' dir='ltr'><strong><em>ι</em></strong></span> <span class='ocrx_word' id='word_1_427' title='bbox 332 4729 400 4804; x_wconf 75' lang='lat' dir='ltr'>§b</span> <span class='ocrx_word' id='word_1_428' title='bbox 423 4726 493 4789; x_wconf 91' lang='lat' dir='ltr'>Nori</span> <span class='ocrx_word' id='word_1_429' title='bbox 517 4726 639 4788; x_wconf 91' lang='lat' dir='ltr'>modica</span> <span class='ocrx_word' id='word_1_430' title='bbox 662 4725 791 4802; x_wconf 87' lang='lat' dir='ltr'>quidem</span> <span class='ocrx_word' id='word_1_431' title='bbox 815 4725 912 4787; x_wconf 88' lang='lat' dir='ltr'>animi</span> <span class='ocrx_word' id='word_1_432' title='bbox 939 4728 1039 4788; x_wconf 87' lang='lat' dir='ltr'>nostri</span> <span class='ocrx_word' id='word_1_433' title='bbox 1094 4725 1298 4788; x_wconf 85' lang='lat' dir='ltr'>innocentius</span> <span class='ocrx_word' id='word_1_434' title='bbox 1320 4725 1371 4788; x_wconf 86' lang='lat' dir='ltr'>it.</span> <span class='ocrx_word' id='word_1_435' title='bbox 1396 4726 1497 4788; x_wconf 89' lang='lat' dir='ltr'>literis</span> <span class='ocrx_word' id='word_1_436' title='bbox 1519 4729 1744 4806; x_wconf 87' lang='lat' dir='ltr'>incipientibus</span> <span class='ocrx_word' id='word_1_437' title='bbox 1768 4731 1842 4794; x_wconf 86' lang='lat' dir='ltr'>Volo</span> <span class='ocrx_word' id='word_1_438' title='bbox 1860 4702 1917 4748; x_wconf 79' lang='lat' dir='ltr'>ruo.</span> 
     </span>
     <span class='ocr_line' id='line_1_47' title="bbox 79 4795 1843 4898; baseline 0.006 -22"><span class='ocrx_word' id='word_1_439' title='bbox 79 4795 266 4891; x_wconf 56' lang='lat' dir='ltr'>ippdtplptt</span> <span class='ocrx_word' id='word_1_440' title='bbox 289 4821 438 4884; x_wconf 87' lang='lat' dir='ltr'>molestia</span> <span class='ocrx_word' id='word_1_441' title='bbox 460 4835 564 4897; x_wconf 88' lang='lat' dir='ltr'>nuper</span> <span class='ocrx_word' id='word_1_442' title='bbox 586 4819 777 4896; x_wconf 88' lang='lat' dir='ltr'>accepimus,</span> <span class='ocrx_word' id='word_1_443' title='bbox 802 4818 886 4880; x_wconf 90' lang='lat' dir='ltr'>inter</span> <span class='ocrx_word' id='word_1_444' title='bbox 908 4819 1041 4880; x_wconf 89' lang='lat' dir='ltr'>illosdi-</span> <span class='ocrx_word' id='word_1_445' title='bbox 1095 4820 1297 4888; x_wconf 86' lang='lat' dir='ltr'>devotorum,</span> <span class='ocrx_word' id='word_1_446' title='bbox 1332 4821 1411 4882; x_wconf 89' lang='lat' dir='ltr'>datis</span> <span class='ocrx_word' id='word_1_447' title='bbox 1448 4822 1594 4898; x_wconf 78' lang='lat' dir='ltr'>Lugduni</span> <span class='ocrx_word' id='word_1_448' title='bbox 1629 4825 1731 4886; x_wconf 87' lang='lat' dir='ltr'>idibus</span> <span class='ocrx_word' id='word_1_449' title='bbox 1764 4827 1843 4886; x_wconf 91' lang='lat' dir='ltr'>iunii</span> 
     </span>
    </p>
   </div>
   <div class='ocr_carea' id='block_1_10' title="bbox 80 4903 1845 5092">
    <p class='ocr_par' dir='ltr' id='par_1_17' title="bbox 80 4903 1845 5092">
     <span class='ocr_line' id='line_1_48' title="bbox 80 4903 1843 5000; baseline 0.006 -29"><span class='ocrx_word' id='word_1_450' title='bbox 80 4903 265 5000; x_wconf 43' lang='lat' dir='ltr'>Q&#39;fjp&#39;fflmf‘lssffi</span> <span class='ocrx_word' id='word_1_451' title='bbox 287 4914 433 4976; x_wconf 90' lang='lat' dir='ltr'>scordiae</span> <span class='ocrx_word' id='word_1_452' title='bbox 451 4912 647 4974; x_wconf 86' lang='lat' dir='ltr'>occasionem</span> <span class='ocrx_word' id='word_1_453' title='bbox 665 4911 739 4972; x_wconf 93' lang='lat' dir='ltr'>inde</span> <span class='ocrx_word' id='word_1_454' title='bbox 752 4918 865 4982; x_wconf 89' lang='lat' dir='ltr'>ortam,</span> <span class='ocrx_word' id='word_1_455' title='bbox 884 4913 967 4989; x_wconf 83' lang='lat' dir='ltr'>quod</span> <span class='ocrx_word' id='word_1_456' title='bbox 985 4929 1043 4991; x_wconf 90' lang='lat' dir='ltr'>per</span> <span class='ocrx_word' id='word_1_457' title='bbox 1096 4929 1178 4975; x_wconf 94' lang='lat' dir='ltr'>anno</span> <span class='ocrx_word' id='word_1_458' title='bbox 1191 4913 1317 4975; x_wconf 87' lang='lat' dir='ltr'>Domini</span> <span class='ocrx_word' id='word_1_459' title='bbox 1330 4915 1493 4984; x_wconf 70' lang='lat' dir='ltr'>nocenti..</span> <span class='ocrx_word' id='word_1_460' title='bbox 1509 4917 1709 4992; x_wconf 84' lang='lat' dir='ltr'>pontificatus</span> <span class='ocrx_word' id='word_1_461' title='bbox 1722 4939 1778 4994; x_wconf 90' lang='lat' dir='ltr'>rv.;</span> <span class='ocrx_word' id='word_1_462' title='bbox 1792 4920 1843 4981; x_wconf 91' lang='lat' dir='ltr'>Ni-</span> 
     </span>
     <span class='ocr_line' id='line_1_49' title="bbox 80 5005 1845 5092; baseline 0.007 -31"><span class='ocrx_word' id='word_1_463' title='bbox 80 5007 267 5062; x_wconf 60' lang='lat' dir='ltr'>reiiciiteilie·</span> <span class='ocrx_word' id='word_1_464' title='bbox 287 5005 555 5070; x_wconf 87' lang='lat' dir='ltr'>constitutionem</span> <span class='ocrx_word' id='word_1_465' title='bbox 579 5013 734 5075; x_wconf 88' lang='lat' dir='ltr'>nostram,</span> <span class='ocrx_word' id='word_1_466' title='bbox 752 5019 833 5080; x_wconf 84' lang='lat' dir='ltr'>quae</span> <span class='ocrx_word' id='word_1_467' title='bbox 855 5005 966 5083; x_wconf 88' lang='lat' dir='ltr'>incipit</span> <span class='ocrx_word' id='word_1_468' title='bbox 981 5005 1042 5069; x_wconf 89' lang='lat' dir='ltr'>Po·</span> <span class='ocrx_word' id='word_1_469' title='bbox 1097 5008 1202 5068; x_wconf 86' lang='lat' dir='ltr'>colatis</span> <span class='ocrx_word' id='word_1_470' title='bbox 1222 5005 1272 5068; x_wconf 86' lang='lat' dir='ltr'>tt.</span> <span class='ocrx_word' id='word_1_471' title='bbox 1292 5006 1393 5068; x_wconf 91' lang='lat' dir='ltr'>literis</span> <span class='ocrx_word' id='word_1_472' title='bbox 1415 5008 1641 5085; x_wconf 87' lang='lat' dir='ltr'>incipientibus</span> <span class='ocrx_word' id='word_1_473' title='bbox 1658 5011 1845 5092; x_wconf 78' lang='lat' dir='ltr'>{luiprandus</span> 
     </span>
    </p>
   </div>
   <div class='ocr_carea' id='block_1_11' title="bbox 82 5062 1844 5180">
    <p class='ocr_par' dir='ltr' id='par_1_18' title="bbox 82 5062 1844 5180">
     <span class='ocr_line' id='line_1_50' title="bbox 82 5062 1844 5180; baseline 0.007 -27"><span class='ocrx_word' id='word_1_474' title='bbox 82 5062 267 5158; x_wconf 38' lang='lat' dir='ltr'>magelin&amp;</span> <span class='ocrx_word' id='word_1_475' title='bbox 289 5109 387 5163; x_wconf 82' lang='lat' dir='ltr'>ternu</span> <span class='ocrx_word' id='word_1_476' title='bbox 420 5098 507 5160; x_wconf 84' lang='lat' dir='ltr'>Sedis</span> <span class='ocrx_word' id='word_1_477' title='bbox 539 5098 736 5178; x_wconf 81' lang='lat' dir='ltr'>Apostolicoc</span> <span class='ocrx_word' id='word_1_478' title='bbox 760 5098 964 5178; x_wconf 85' lang='lat' dir='ltr'>providentio</span> <span class='ocrx_word' id='word_1_479' title='bbox 985 5099 1041 5180; x_wconf 77' lang='lat'>(2),</span> <span class='ocrx_word' id='word_1_480' title='bbox 1098 5100 1154 5162; x_wconf 85' lang='lat' dir='ltr'>Dei</span> <span class='ocrx_word' id='word_1_481' title='bbox 1178 5101 1292 5169; x_wconf 76' lang='lat' dir='ltr'>filius,</span> <span class='ocrx_word' id='word_1_482' title='bbox 1317 5102 1395 5164; x_wconf 74' lang='lat' dir='ltr'>elatis</span> <span class='ocrx_word' id='word_1_483' title='bbox 1414 5101 1495 5178; x_wconf 91' lang='lat' dir='ltr'>apud</span> <span class='ocrx_word' id='word_1_484' title='bbox 1517 5103 1787 5167; x_wconf 87' lang='lat' dir='ltr'>Urbeinveterein</span> <span class='ocrx_word' id='word_1_485' title='bbox 1805 5124 1844 5167; x_wconf 90' lang='lat' dir='ltr'>vi.</span> 
     </span>
    </p>
   </div>
   <div class='ocr_carea' id='block_1_12' title="bbox 81 5169 1845 5274">
    <p class='ocr_par' dir='ltr' id='par_1_19' title="bbox 81 5169 1845 5274">
     <span class='ocr_line' id='line_1_51' title="bbox 81 5169 1845 5274; baseline 0.003 -20"><span class='ocrx_word' id='word_1_486' title='bbox 81 5169 174 5212; x_wconf 53' lang='lat' dir='ltr'><strong>mmm·</strong></span> <span class='ocrx_word' id='word_1_487' title='bbox 289 5195 455 5270; x_wconf 83' lang='lat' dir='ltr'>vulgatam</span> <span class='ocrx_word' id='word_1_488' title='bbox 473 5210 515 5253; x_wconf 90' lang='lat' dir='ltr'>iv.</span> <span class='ocrx_word' id='word_1_489' title='bbox 532 5193 604 5254; x_wconf 90' lang='lat' dir='ltr'>idus</span> <span class='ocrx_word' id='word_1_490' title='bbox 617 5191 809 5262; x_wconf 86' lang='lat' dir='ltr'>decembris,</span> <span class='ocrx_word' id='word_1_491' title='bbox 822 5209 905 5253; x_wconf 90' lang='lat' dir='ltr'>anno</span> <span class='ocrx_word' id='word_1_492' title='bbox 919 5193 1044 5254; x_wconf 90' lang='lat' dir='ltr'>Oomini</span> <span class='ocrx_word' id='word_1_493' title='bbox 1097 5194 1168 5254; x_wconf 88' lang='lat' dir='ltr'>idus</span> <span class='ocrx_word' id='word_1_494' title='bbox 1184 5200 1333 5270; x_wconf 84' lang='lat' dir='ltr'>augustas</span> <span class='ocrx_word' id='word_1_495' title='bbox 1349 5211 1399 5255; x_wconf 88' lang='lat' dir='ltr'>aii.</span> <span class='ocrx_word' id='word_1_496' title='bbox 1418 5212 1549 5264; x_wconf 81' lang='lat' dir='ltr'>nocio..</span> <span class='ocrx_word' id='word_1_497' title='bbox 1568 5199 1768 5274; x_wconf 84' lang='lat' dir='ltr'>pontificatus</span> <span class='ocrx_word' id='word_1_498' title='bbox 1784 5215 1845 5274; x_wconf 64' lang='grc' dir='ltr'>ηις</span> 
     </span>
    </p>
   </div>
   <div class='ocr_carea' id='block_1_13' title="bbox 291 5285 1850 5652">
    <p class='ocr_par' dir='ltr' id='par_1_20' title="bbox 291 5285 1850 5652">
     <span class='ocr_line' id='line_1_52' title="bbox 292 5285 1848 5366; baseline 0.003 -18"><span class='ocrx_word' id='word_1_499' title='bbox 292 5303 472 5357; x_wconf 71' lang='lat' dir='ltr'>nocerim,</span> <span class='ocrx_word' id='word_1_500' title='bbox 487 5286 688 5363; x_wconf 83' lang='lat' dir='ltr'>pontificatus</span> <span class='ocrx_word' id='word_1_501' title='bbox 701 5286 803 5347; x_wconf 90' lang='lat' dir='ltr'>nostri</span> <span class='ocrx_word' id='word_1_502' title='bbox 816 5303 865 5357; x_wconf 92' lang='lat' dir='ltr'>ii.,</span> <span class='ocrx_word' id='word_1_503' title='bbox 881 5289 977 5348; x_wconf 89' lang='lat' dir='ltr'>totius</span> <span class='ocrx_word' id='word_1_504' title='bbox 989 5285 1043 5348; x_wconf 92' lang='lat' dir='ltr'>Or·</span> <span class='ocrx_word' id='word_1_505' title='bbox 1099 5285 1251 5348; x_wconf 85' lang='lat' dir='ltr'>Martinus</span> <span class='ocrx_word' id='word_1_506' title='bbox 1267 5286 1303 5348; x_wconf 83' lang='lat' dir='ltr'>V.</span> <span class='ocrx_word' id='word_1_507' title='bbox 1329 5286 1431 5348; x_wconf 88' lang='lat' dir='ltr'>literis</span> <span class='ocrx_word' id='word_1_508' title='bbox 1454 5289 1678 5366; x_wconf 81' lang='lat' dir='ltr'>incipientibus</span> <span class='ocrx_word' id='word_1_509' title='bbox 1692 5290 1780 5351; x_wconf 87' lang='lat' dir='ltr'>Inter</span> <span class='ocrx_word' id='word_1_510' title='bbox 1802 5309 1848 5352; x_wconf 89' lang='lat' dir='ltr'>co·</span> 
     </span>
     <span class='ocr_line' id='line_1_53' title="bbox 292 5379 1849 5452; baseline 0.001 -9"><span class='ocrx_word' id='word_1_511' title='bbox 292 5381 379 5443; x_wconf 93' lang='lat' dir='ltr'>dinis</span> <span class='ocrx_word' id='word_1_512' title='bbox 405 5381 539 5442; x_wconf 87' lang='lat' dir='ltr'>fratrum</span> <span class='ocrx_word' id='word_1_513' title='bbox 572 5379 730 5442; x_wconf 88' lang='lat' dir='ltr'>llinorum</span> <span class='ocrx_word' id='word_1_514' title='bbox 762 5381 843 5443; x_wconf 88' lang='lat' dir='ltr'>beati</span> <span class='ocrx_word' id='word_1_515' title='bbox 875 5381 1043 5452; x_wconf 83' lang='lat' dir='ltr'>Francisri,</span> <span class='ocrx_word' id='word_1_516' title='bbox 1099 5385 1179 5449; x_wconf 85' lang='lat' dir='ltr'>tero,</span> <span class='ocrx_word' id='word_1_517' title='bbox 1203 5381 1281 5442; x_wconf 86' lang='lat' dir='ltr'>dalis</span> <span class='ocrx_word' id='word_1_518' title='bbox 1309 5381 1426 5443; x_wconf 84' lang='lat' dir='ltr'>Rornae</span> <span class='ocrx_word' id='word_1_519' title='bbox 1450 5399 1478 5444; x_wconf 88' lang='lat' dir='ltr'>v.</span> <span class='ocrx_word' id='word_1_520' title='bbox 1502 5383 1573 5445; x_wconf 92' lang='lat' dir='ltr'>idus</span> <span class='ocrx_word' id='word_1_521' title='bbox 1596 5385 1774 5445; x_wconf 89' lang='lat' dir='ltr'>decembris</span> <span class='ocrx_word' id='word_1_522' title='bbox 1796 5401 1849 5445; x_wconf 91' lang='lat' dir='ltr'>an·</span> 
     </span>
     <span class='ocr_line' id='line_1_54' title="bbox 291 5441 1847 5579; baseline 0.003 -45"><span class='ocrx_word' id='word_1_523' title='bbox 291 5475 349 5552; x_wconf 88' lang='lat' dir='ltr'>qui</span> <span class='ocrx_word' id='word_1_524' title='bbox 372 5474 447 5536; x_wconf 85' lang='lat' dir='ltr'>alias</span> <span class='ocrx_word' id='word_1_525' title='bbox 470 5491 490 5536; x_wconf 86' lang='lat' dir='ltr'>a</span> <span class='ocrx_word' id='word_1_526' title='bbox 513 5473 658 5552; x_wconf 82' lang='lat' dir='ltr'>reputari</span> <span class='ocrx_word' id='word_1_527' title='bbox 684 5472 893 5537; x_wconf 79' lang='lat' dir='ltr'>Obseruantia</span> <span class='ocrx_word' id='word_1_528' title='bbox 924 5491 1044 5537; x_wconf 91' lang='lat' dir='ltr'>nuncu·</span> <span class='ocrx_word' id='word_1_529' title='bbox 1070 5441 1073 5579; x_wconf 46' lang='lat' dir='ltr'>l</span> <span class='ocrx_word' id='word_1_530' title='bbox 1100 5491 1140 5535; x_wconf 92' lang='lat' dir='ltr'>no</span> <span class='ocrx_word' id='word_1_531' title='bbox 1156 5491 1338 5547; x_wconf 79' lang='lat' dir='ltr'>neustrii,</span> <span class='ocrx_word' id='word_1_532' title='bbox 1354 5477 1554 5553; x_wconf 83' lang='lat' dir='ltr'>pontificatus</span> <span class='ocrx_word' id='word_1_533' title='bbox 1567 5495 1611 5552; x_wconf 87' lang='lat' dir='ltr'>ii.;</span> <span class='ocrx_word' id='word_1_534' title='bbox 1626 5489 1657 5540; x_wconf 92' lang='lat' dir='ltr'>et</span> <span class='ocrx_word' id='word_1_535' title='bbox 1673 5477 1779 5540; x_wconf 85' lang='lat' dir='ltr'>Siiitus</span> <span class='ocrx_word' id='word_1_536' title='bbox 1797 5477 1847 5539; x_wconf 81' lang='lat' dir='ltr'>tt.</span> 
     </span>
     <span class='ocr_line' id='line_1_55' title="bbox 292 5567 1850 5652; baseline 0.003 -24"><span class='ocrx_word' id='word_1_537' title='bbox 292 5575 422 5646; x_wconf 87' lang='lat' dir='ltr'>paritur,</span> <span class='ocrx_word' id='word_1_538' title='bbox 449 5568 596 5628; x_wconf 88' lang='lat' dir='ltr'>ministro</span> <span class='ocrx_word' id='word_1_539' title='bbox 619 5567 761 5644; x_wconf 80' lang='lat' dir='ltr'>generali</span> <span class='ocrx_word' id='word_1_540' title='bbox 785 5577 817 5630; x_wconf 87' lang='lat' dir='ltr'>et</span> <span class='ocrx_word' id='word_1_541' title='bbox 849 5569 1045 5630; x_wconf 86' lang='lat' dir='ltr'>secundariis</span> <span class='ocrx_word' id='word_1_542' title='bbox 1070 5600 1073 5619; x_wconf 67' lang='grc' dir='ltr'><strong><em>ι</em></strong></span> <span class='ocrx_word' id='word_1_543' title='bbox 1097 5567 1201 5648; x_wconf 79' lang='lat' dir='ltr'>literis</span> <span class='ocrx_word' id='word_1_544' title='bbox 1214 5569 1439 5646; x_wconf 88' lang='lat' dir='ltr'>incipientibus</span> <span class='ocrx_word' id='word_1_545' title='bbox 1454 5568 1590 5634; x_wconf 82' lang='lat' dir='ltr'>Romani</span> <span class='ocrx_word' id='word_1_546' title='bbox 1606 5572 1769 5652; x_wconf 67' lang='lat' dir='ltr'>Pontifices·</span> <span class='ocrx_word' id='word_1_547' title='bbox 1780 5587 1850 5651; x_wconf 88' lang='lat' dir='ltr'>pro-</span> 
     </span>
    </p>
   </div>
   <div class='ocr_carea' id='block_1_14' title="bbox 805 5738 1278 5746">
    <p class='ocr_par' dir='ltr' id='par_1_21' title="bbox 805 5738 1278 5746">
     <span class='ocr_line' id='line_1_56' title="bbox 805 5738 1278 5746; baseline 0.004 -2"><span class='ocrx_word' id='word_1_548' title='bbox 805 5738 983 5746; x_wconf 73' lang='lat'>--.....-—...—-</span> <span class='ocrx_word' id='word_1_549' title='bbox 994 5739 1139 5746; x_wconf 82' lang='lat'>..-—-.--—--</span> <span class='ocrx_word' id='word_1_550' title='bbox 1151 5739 1278 5746; x_wconf 52' lang='lat' dir='ltr'>——uc</span> 
     </span>
    </p>
   </div>
   <div class='ocr_carea' id='block_1_15' title="bbox 294 5837 1852 6030">
    <p class='ocr_par' dir='ltr' id='par_1_22' title="bbox 294 5837 1852 6030">
     <span class='ocr_line' id='line_1_57' title="bbox 338 5837 1852 5893; baseline 0.003 -13"><span class='ocrx_word' id='word_1_551' title='bbox 338 5839 369 5892; x_wconf 80' lang='lat' dir='ltr'>tt)</span> <span class='ocrx_word' id='word_1_552' title='bbox 387 5839 452 5880; x_wconf 83' lang='lat' dir='ltr'>llaec</span> <span class='ocrx_word' id='word_1_553' title='bbox 473 5843 554 5880; x_wconf 88' lang='lat' dir='ltr'>coust.</span> <span class='ocrx_word' id='word_1_554' title='bbox 571 5837 743 5882; x_wconf 84' lang='lat' dir='ltr'>editaestad</span> <span class='ocrx_word' id='word_1_555' title='bbox 765 5837 950 5884; x_wconf 84' lang='lat' dir='ltr'>declarandam</span> <span class='ocrx_word' id='word_1_556' title='bbox 966 5837 1045 5883; x_wconf 83' lang='lat' dir='ltr'>aliain</span> <span class='ocrx_word' id='word_1_557' title='bbox 1101 5839 1135 5882; x_wconf 85' lang='lat' dir='ltr'>lai</span> <span class='ocrx_word' id='word_1_558' title='bbox 1153 5841 1201 5893; x_wconf 71' lang='grc' dir='ltr'>Ν,</span> <span class='ocrx_word' id='word_1_559' title='bbox 1226 5839 1331 5884; x_wconf 83' lang='lat' dir='ltr'>Martini</span> <span class='ocrx_word' id='word_1_560' title='bbox 1349 5841 1375 5880; x_wconf 88' lang='lat' dir='ltr'>V.</span> <span class='ocrx_word' id='word_1_561' title='bbox 1399 5845 1425 5882; x_wconf 88' lang='lat' dir='ltr'>et</span> <span class='ocrx_word' id='word_1_562' title='bbox 1447 5839 1511 5883; x_wconf 77' lang='lat' dir='ltr'>sixti</span> <span class='ocrx_word' id='word_1_563' title='bbox 1530 5843 1567 5882; x_wconf 82' lang='lat' dir='ltr'>itt.</span> <span class='ocrx_word' id='word_1_564' title='bbox 1591 5840 1622 5884; x_wconf 90' lang='lat' dir='ltr'>de</span> <span class='ocrx_word' id='word_1_565' title='bbox 1643 5841 1732 5884; x_wconf 82' lang='lat' dir='ltr'>eaileiii</span> <span class='ocrx_word' id='word_1_566' title='bbox 1757 5853 1785 5884; x_wconf 89' lang='lat' dir='ltr'>re</span> <span class='ocrx_word' id='word_1_567' title='bbox 1801 5845 1852 5885; x_wconf 87' lang='lat' dir='ltr'>tra·</span> 
     </span>
     <span class='ocr_line' id='line_1_58' title="bbox 294 5903 1523 5962; baseline 0.002 -15"><span class='ocrx_word' id='word_1_568' title='bbox 294 5903 395 5948; x_wconf 83' lang='lat' dir='ltr'>editani</span> <span class='ocrx_word' id='word_1_569' title='bbox 419 5915 562 5954; x_wconf 69' lang='lat' dir='ltr'>liberium,</span> <span class='ocrx_word' id='word_1_570' title='bbox 583 5903 625 5947; x_wconf 89' lang='lat' dir='ltr'>die</span> <span class='ocrx_word' id='word_1_571' title='bbox 641 5915 665 5948; x_wconf 87' lang='lat' dir='ltr'>x.</span> <span class='ocrx_word' id='word_1_572' title='bbox 688 5903 843 5956; x_wconf 86' lang='lat' dir='ltr'>decembris,</span> <span class='ocrx_word' id='word_1_573' title='bbox 863 5905 953 5962; x_wconf 88' lang='lat' dir='ltr'>pontif.</span> <span class='ocrx_word' id='word_1_574' title='bbox 969 5917 1005 5960; x_wconf 83' lang='lat' dir='ltr'>ii.,</span> <span class='ocrx_word' id='word_1_575' title='bbox 1021 5909 1047 5949; x_wconf 88' lang='lat' dir='ltr'>el</span> <span class='ocrx_word' id='word_1_576' title='bbox 1102 5907 1242 5962; x_wconf 82' lang='lat' dir='ltr'>etantiiini,</span> <span class='ocrx_word' id='word_1_577' title='bbox 1257 5917 1324 5962; x_wconf 82' lang='lat' dir='ltr'>quae</span> <span class='ocrx_word' id='word_1_578' title='bbox 1340 5907 1381 5950; x_wconf 91' lang='lat' dir='ltr'>liic</span> <span class='ocrx_word' id='word_1_579' title='bbox 1395 5907 1523 5951; x_wconf 87' lang='lat' dir='ltr'>citantur.</span> 
     </span>
     <span class='ocr_line' id='line_1_59' title="bbox 295 5971 1598 6030; baseline 0.002 -16"><span class='ocrx_word' id='word_1_580' title='bbox 295 5973 323 6015; x_wconf 92' lang='lat' dir='ltr'>iii</span> <span class='ocrx_word' id='word_1_581' title='bbox 345 5971 573 6014; x_wconf 86' lang='lat' dir='ltr'>coritlriiiatioiiein</span> <span class='ocrx_word' id='word_1_582' title='bbox 598 5971 713 6014; x_wconf 86' lang='lat' dir='ltr'>aliuriiiii</span> <span class='ocrx_word' id='word_1_583' title='bbox 740 5971 882 6016; x_wconf 84' lang='lat' dir='ltr'>innocentii</span> <span class='ocrx_word' id='word_1_584' title='bbox 906 5977 954 6028; x_wconf 63' lang='lat' dir='ltr'>lt,</span> <span class='ocrx_word' id='word_1_585' title='bbox 977 5973 1047 6017; x_wconf 83' lang='lat' dir='ltr'>Nico·</span> <span class='ocrx_word' id='word_1_586' title='bbox 1144 5975 1174 6029; x_wconf 74' lang='lat'>(⁶2)</span> <span class='ocrx_word' id='word_1_587' title='bbox 1191 5973 1252 6018; x_wconf 78' lang='lat' dir='ltr'>Vide</span> <span class='ocrx_word' id='word_1_588' title='bbox 1268 5979 1342 6018; x_wconf 75' lang='lat' dir='ltr'>tirius</span> <span class='ocrx_word' id='word_1_589' title='bbox 1358 5975 1407 6018; x_wconf 85' lang='lat' dir='ltr'>vol.</span> <span class='ocrx_word' id='word_1_590' title='bbox 1423 5977 1461 6026; x_wconf 92' lang='lat' dir='ltr'>ll.,</span> <span class='ocrx_word' id='word_1_591' title='bbox 1479 5985 1535 6030; x_wconf 78' lang='lat' dir='ltr'>pag.</span> <span class='ocrx_word' id='word_1_592' title='bbox 1551 5977 1598 6018; x_wconf 73' lang='lat'>2377.</span> 
     </span>
    </p>
   </div>
   <div class='ocr_carea' id='block_1_16' title="bbox 0 0 2431 6994">
    <p class='ocr_par' dir='ltr' id='par_1_23' title="bbox 0 0 2431 6994">
     <span class='ocr_line' id='line_1_60' title="bbox 0 0 2431 6994; baseline 0 0"><span class='ocrx_word' id='word_1_593' title='bbox 0 0 2431 6994; x_wconf 95' lang='lat' dir='ltr'> </span> 
     </span>
    </p>
   </div>
  </div>
 </body>
</html>
