4884 6994
1803 590 1862 656 363

289 737 292 744 ·
324 728 475 801 exceptae
515 720 744 799 intelliguntur
784 737 895 786 causae
933 723 1072 786 maiores
1128 721 1283 786 clesiatica
1305 725 1475 787 auctoritas
1496 729 1533 786 nt
1554 740 1668 786 eorum
1683 724 1882 789 administra·

323 814 573 893 Episcoporum,
610 829 692 893 quae
727 823 909 879 reservatae
941 823 1072 878 manent
1129 818 1792 896 1111111111111111111111111111111111111,
1816 819 1882 898 ple·

849 603 1040 652 rnxcrxrus
1061 604 1118 652 111
1140 583 1353 652 concoenare

323 908 522 986 Apostolicae
558 907 631 971 Sedi
664 918 697 973 ct
728 909 941 972 tribunalibus
972 909 1073 972 eccle-

322 1001 455 1065 siasticis
475 1003 707 1081 superioribus,
731 1017 812 1081 quae
834 1003 873 1065 de
895 1003 933 1065 iis
955 1019 1072 1080 cogno·

323 1111 413 1156 scere
435 1095 553 1158 debent
581 1097 667 1159 iuxta
698 1094 765 1159 Sao.
796 1095 975 1160 Concilium
1005 1097 1073 1159 111-

323 1189 492 1252 dentinum
514 1205 592 1252 sess.
616 1189 725 1254 XXIV.
742 1207 809 1270 cap.
829 1189 864 1252 V.
877 1191 917 1254 de
928 1188 1070 1253 Reiorm.

322 1282 446 1360 aliaque
462 1283 540 1345 iuris
557 1285 699 1347 canonici
711 1286 914 1363 praescripta.
931 1315 969 1332 -
984 1285 1071 1346 Idem

322 1376 404 1438 circa
425 1393 532 1438 causas
556 1375 756 1440 vicariorum
771 1376 1000 1457 capitularium
1016 1376 1073 1440 dc·

322 1475 570 1532 contemerasse
590 1471 653 1532 erit
674 1470 922 1533 observandum.

363 1561 433 1624 hrt.
457 1562 495 1624 ll.
526 1563 560 1626 ln
589 1564 739 1627 omnibus
767 1564 904 1638 indiciis,
929 1579 1010 1643 quae
1035 1565 1072 1628 ad

323 1655 430 1718 lorum
454 1656 704 1720 ecclesiasticum
717 1657 891 1735 pertinent,
909 1658 1074 1738 praebebit

324 1749 427 1812 civilis
449 1751 620 1814 auctoritas
641 1752 761 1815 virium
783 1767 914 1815 suarum
931 1767 1025 1830 opem
1041 1759 1074 1814 et

325 1844 535 1921 patrocinium
558 1859 666 1916 suum,
689 1851 725 1907 ut
745 1845 877 1918 indices,
901 1847 1072 1908 11111111-

323 1937 366 1998 sis
387 1937 427 2000 de
449 1939 565 2016 quibus
588 1953 703 2002 eorum
736 1939 914 2002 iurisdictio
936 1946 996 2011 est,
1020 1955 1072 2000 cu·

323 2047 394 2094 rare
410 2033 532 2110 possint
548 2031 783 2094 observantiam
800 2039 832 2095 et
847 2033 1072 2096 executionem

324 2139 500 2203 poenarum
523 2133 555 2188 et
576 2126 811 2189 sententiarum
833 2141 911 2204 quas
926 2126 985 2206 ipsi
1002 2141 1073 2204 pro

324 2220 559 2282 nunciaverint.

363 2311 432 2375 hrt.
456 2312 508 2376 111.
532 2313 649 2377 Causae
676 2313 787 2378 civiles
814 2319 847 2376 et
877 2312 1071 2384 criminales,

323 2407 500 2484 dequibus
522 2408 554 2469 in
577 2407 637 2472 hoc
658 2409 758 2486 capite
781 2423 889 2470 sermo
911 2414 960 2470 est
981 2413 1014 2469 et
1035 2406 1073 2468 lis

324 2501 442 2578 pendet
466 2502 500 2562 in
532 2517 693 2581 praesens,
724 2501 939 2565 devolventur
968 2501 1005 2562 ad
1027 2501 1073 2562 iu-

324 2594 409 2657 dices
431 2601 464 2657 et
485 2595 668 2668 tribunalia,
692 2610 774 2674 quae
797 2595 847 2659 hic
874 2601 1072 2668 statuuntur,

324 2689 520 2766 quicumque
542 2689 673 2752 demum
696 2697 796 2754 status
826 2690 867 2752 sit
888 2697 921 2751 et
948 2689 1075 2752 iurisdi-

323 2783 437 2846 ctionis
459 2784 574 2860 gradus
595 2784 628 2846 in
644 2799 708 2863 quo
722 2793 904 2848 versantur.

364 2875 431 2938 hrt.
455 2875 520 2938 llll.
555 2876 712 2940 Personae
747 2877 977 2941 ecclesiasticae
1010 2893 1075 2941 non

324 2977 482 3047 cogentur
510 2971 548 3032 ab
569 2971 607 3032 111
639 2971 695 3048 qni
727 2979 918 3050 potestatem
946 2971 1074 3034 civilem

324 3071 494 3136 exercent,
525 3065 645 3127 iuratae
670 3065 722 3128 vel
748 3066 903 3128 iniuratae
932 3067 1075 3128 testimo·

324 3157 414 3218 nium
436 3155 523 3219 lerre
545 3158 584 3220 de
606 3157 643 3219 iis
665 3158 752 3222 lactis
774 3159 826 3222 vel
846 3160 977 3232 actibus,
994 3161 1075 3224 circa

324 3263 404 3326 quos
419 3249 506 3312 iuxta
520 3249 679 3314 Ecclesiae
696 3259 861 3331 praecepta
876 3253 980 3314 arcani
1001 3252 1075 3330 lege

323 3343 579 3420 adstringuntur.

363 3435 431 3498 hrt.
456 3436 534 3500 lllll.
558 3437 670 3515 Neque
685 3455 764 3502 vero
787 3439 985 3503 tenebuntur
1006 3455 1075 3502 eae·

323 3531 397 3594 dem
419 3547 575 3610 personae
598 3534 707 3595 testari
726 3534 759 3595 in
782 3534 885 3597 causis
909 3535 1075 3611 sanguinis

257 3641 264 3652 ·
324 3625 393 3687 sine
408 3625 501 3687 venia
513 3627 702 3704 superioris,
714 3628 806 3690 cuius
819 3629 967 3706 potestati
978 3627 1075 3690 subii-

325 3719 466 3782 ciuntur.

364 3812 431 3874 hrt.
453 3811 533 3876 XlV.
558 3813 807 3893 Archiepiscopi,
830 3814 989 3894 Episcopi,
1013 3814 1074 3877 Gu-

324 3907 511 3970 bernatores
527 3907 742 3981 ecclesiastici,
757 3908 872 3972 vicarii
887 3907 1075 3987 capitulares

324 4002 375 4063 vel
400 4001 567 4078 generales
589 4010 622 4064 et
643 4001 864 4083 Capitulorum
886 4001 1093 4069 ecclesiasti.

323 4109 435 4156 corum
466 4095 636 4171 dignitates
665 4111 725 4174 ope
747 4097 978 4160 testificationis
999 4095 1076 4159 scri·

325 4195 407 4267 ptae,
429 4190 639 4253 iureiurando
668 4191 822 4264 llrmatae,
853 4189 1074 4252 testimonium

326 4281 537 4360 praebebunt.

559 4417 604 4479 111
629 4416 837 4481 Goemotert'ir.

1128 925 1200 972 nam
1223 911 1283 973 sibi
1304 926 1437 974 servans
1459 910 1712 974 iurisdictionem
1734 911 1881 990 spiritua-

1127 1003 1192 1067 lem
1214 1005 1317 1066 etius
1339 1005 1415 1082 ipsis
1438 1004 1632 1080 advigilaudi
1654 1011 1691 1066 ut
1708 1013 1881 1069 serventur

1128 1098 1207 1160 ordo
1228 1104 1261 1160 et
1275 1096 1370 1160 decus
1386 1097 1464 1159 locis
1479 1097 1565 1160 hisce
1581 1097 1707 1161 sacratis
1723 1098 1880 1172 debitum,

1128 1206 1273 1254 necnon
1301 1207 1465 1254 sacrorum
1487 1206 1645 1254 canonum
1675 1193 1879 1270 praescripta.

1167 1283 1236 1346 hrt.
1268 1282 1362 1347 111111.
1396 1285 1535 1348 Potestas
1567 1285 1734 1348 executiva
1765 1285 1879 1365 Reipu-

1128 1377 1228 1440 blicae
1249 1395 1312 1441 una
1333 1393 1407 1440 cum
1429 1375 1603 1441 Ordinariis
1618 1379 1813 1442 dioecesium
1827 1379 1880 1442 de·

1128 1471 1228 1546 liniet,
1252 1487 1409 1550 quaenam
1439 1474 1631 1535 coemeteria
1656 1472 1720 1534 sint
1740 1472 1881 1555 (praeter

1129 1580 1233 1643 nuper
1266 1564 1456 1646 memorata)
1486 1564 1601 1642 quibus
1637 1581 1732 1644 supra
1764 1569 1880 1645 scripta

1129 1659 1274 1736 exceptio
1295 1659 1429 1736 aptanda
1455 1659 1506 1721 sit.

1169 1750 1238 1814 hrt.
1262 1751 1369 1816 lell.
1393 1752 1595 1816 coemeteria
1621 1754 1801 1816 condentur
1823 1769 1882 1832 pro

1129 1846 1336 1910 cadaveribus
1360 1862 1441 1924 qnae
1469 1845 1633 1908 inhumari
1659 1853 1827 1924 nequeunt
1848 1848 1881 1910 in

1129 1939 1200 2001 loco
1222 1955 1322 2012 sacro,
1347 1941 1537 2018 praesertim
1553 1941 1586 2002 in
1601 1939 1639 2002 iis
1654 1939 1733 2003 locis
1748 1939 1804 2002 ubi
1818 1939 1882 2004 ire·

1129 2033 1317 2110 quentiores
1339 2041 1461 2096 mortes
1483 2041 1558 2096 sunt
1573 2034 1742 2096 hominum
1758 2034 1881 2096 1111111-
1967 2061 1969 2066 v

1131 2127 1280 2190 licorum.
1304 2126 1384 2190 Huic
1405 2128 1477 2190 usui
1499 2128 1706 2206 deputabitur
1728 2127 1880 2206 prolanus

1129 2219 1220 2284 locus
1241 2237 1257 2282 a
1280 2221 1461 2300 municipiis
1484 2222 1535 2284 vel
1559 2237 1673 2284 eorum
1695 2237 1769 2284 aere
1791 2236 1881 2299 prae·

1130 2314 1266 2376 bendus.
1287 2313 1348 2377 Ubi
1371 2329 1450 2376 vero
1472 2314 1504 2378 id
1526 2314 1596 2376 lieri
1619 2321 1768 2392 nequeat,
1792 2314 1881 2378 locus

1131 2423 1188 2486 pro
1212 2408 1299 2471 hisce
1321 2407 1524 2471 coemeteriis
1546 2407 1756 2480 obtinebitur,
1773 2408 1880 2470 seiun-

1130 2507 1177 2563 cta
1200 2508 1232 2564 et
1253 2502 1349 2564 sacris
1380 2501 1483 2563 soluta
1515 2501 1703 2564 coemeterii
1734 2501 1881 2565 catholici

1131 2603 1231 2672 parte.
1245 2594 1309 2657 lloc
1321 2609 1400 2656 vero
1412 2595 1645 2657 coemeterium
1657 2593 1879 2667 acatholicum,

1130 2704 1206 2766 sepe
1229 2689 1428 2766 interposita,
1445 2688 1484 2749 ab
1499 2687 1560 2750 alio
1578 2701 1643 2765 quo
1658 2687 1770 2750 fideles
1785 2695 1881 2750 utun·

1131 2787 1195 2854 tur,
1218 2789 1401 2859 separatum
1423 2781 1496 2844 erit.
1974 2773 1976 2780 '

1170 2871 1238 2938 hrt.
1263 2872 1343 2936 lllll.
1374 2875 1527 2952 Agnoscit
1558 2873 1697 2937 Ecclesia
1728 2875 1762 2937 in
1794 2881 1882 2953 pote·

1131 2975 1211 3030 state
1232 2967 1318 3030 civili
1340 2968 1389 3030 ius
1410 2967 1604 3045 advigilandi
1625 2969 1827 3031 coemeteriis
1849 2969 1882 3030 iu

1131 3061 1169 3122 iis
1191 3075 1272 3139 quae
1295 3061 1470 3139 hygienem
1493 3067 1648 3140 spectant,
1681 3062 1880 3140 proponendi

1132 3156 1232 3217 edicta
1254 3169 1335 3232 quae
1354 3154 1487 3234 potitiae
1508 3155 1670 3228 dicuntur,
1689 3155 1881 3218 valetudinis

1132 3247 1276 3327 publicae
1297 3248 1435 3310 tuendae
1457 3264 1559 3321 causa,
1594 3248 1620 3309 si
1643 3248 1761 3311 insueti
1792 3265 1881 3311 casus

1130 3341 1312 3412 inciderint,
1336 3349 1372 3404 ut
1387 3348 1462 3419 puta
1478 3341 1689 3418 pestilentiae,
1704 3357 1768 3403 non
1790 3357 1882 3404 secus

1130 3453 1165 3498 ac
1187 3436 1236 3498 111
1258 3436 1387 3514 petendi
1408 3435 1608 3513 sepulturam
1630 3436 1662 3497 in
1685 3435 1723 3496 iis
1744 3436 1880 3510 casibus,

1131 3544 1211 3607 quos
1233 3529 1414 3592 communis
1436 3528 1549 3607 regula
1570 3527 1739 3607 complecti
1754 3529 1878 3607 nequit,

1131 3623 1239 3702 prouti
1271 3629 1320 3685 est
1351 3639 1380 3684 e.
1414 3637 1445 3699 g.
1479 3622 1670 3686 cadaverum
1700 3623 1879 3686 derelictio.

1130 3714 1210 3778 ltem
1232 3715 1258 3776 si
1271 3714 1352 3780 ratio
1367 3714 1508 3793 postulet
1523 3714 1634 3792 patrati
1650 3715 1795 3777 oriminis
1810 3730 1881 3794 per·

1130 3808 1298 3886 sequendi,
1333 3809 1487 3872 tuendive
1520 3809 1638 3887 publici
1671 3809 1804 3882 ordinis,
1827 3808 1881 3872 vel

1131 3903 1361 3980 cuiuscumque
1392 3903 1557 3968 condictus
1588 3903 1729 3976 sedandi,
1762 3903 1881 3980 patebit

1130 3995 1233 4060 aditus
1254 3997 1291 4059 ad
1313 3996 1506 4060 coemeteria
1527 3996 1691 4074 legitimae
1720 3998 1879 4075 potestati,

1131 4091 1181 4155 cui
1203 4092 1243 4153 de
1264 4090 1301 4151 iis
1324 4091 1421 4152 rebus
1443 4107 1518 4153 cura
1541 4099 1600 4154 est.

1170 4184 1240 4247 hrt.
1278 4183 1345 4246 llll.
1382 4183 1513 4248 durabit
1544 4183 1646 4247 ciuilis
1677 4189 1816 4262 potestas
1847 4183 1880 4246 in

1131 4279 1218 4343 hisce
1230 4279 1379 4342 omnibus
1394 4295 1506 4342 rerum
1521 4277 1677 4341 adiunctis
1688 4285 1725 4341 ut
1735 4276 1794 4339 sibi
1806 4293 1879 4339 con-

1130 4373 1245 4435 sentiat
1277 4373 1489 4436 ecclesiastica
1515 4371 1695 4443 auctoritas,
1719 4377 1756 4434 ut
1777 4371 1881 4434 omnis

1130 4466 1212 4530 absit
1232 4483 1325 4530 causa
1346 4467 1604 4530 concertationis.

363 4567 432 4627 hrt.
457 4563 523 4627 llll.
554 4564 675 4642 Regula
704 4565 781 4627 haec
811 4565 970 4642 generalis
1002 4582 1075 4628 cou-
1170 4562 1238 4623 hrt.
1263 4559 1344 4622 xxi.
1369 4558 1524 4624 Ordinarii
1542 4559 1733 4632 dioecesani,
1749 4567 1787 4620 11
1806 4575 1881 4621 con·

323 4659 477 4730 stituitur,
492 4665 527 4720 11
541 4660 734 4721 coemeteria
749 4659 854 4722 omnia
870 4674 952 4737 quae
967 4667 1076 4723 extant
1131 4656 1291 4717 tentiones
1313 4654 1560 4733 praepediantur
1578 4654 1663 4715 inter
1679 4652 1834 4731 parochos
1850 4659 1882 4713 et

324 4755 357 4815 in
370 4755 533 4817 territorio
547 4753 749 4832 Reipublicae
763 4753 815 4835 (iis
831 4755 984 4833 exceptis,
997 4768 1076 4832 quo·
1131 4750 1274 4811 minores
1296 4747 1513 4824 magistratus,
1536 4763 1626 4809 casus
1641 4751 1786 4809 accurate
1801 4746 1878 4808 deli-

325 4865 397 4911 rum
426 4847 605 4910 dominium
631 4855 679 4910 est
699 4864 798 4927 penes
820 4849 961 4927 privatos
988 4849 1074 4910 cives
1131 4845 1221 4907 nient
1242 4845 1275 4906 in
1297 4844 1413 4921 quibus
1440 4843 1528 4905 iuxta
1549 4841 1638 4919 leges
1660 4841 1824 4904 canonicas
1847 4847 1898 4902 et*

324 4941 376 5004 vel
398 4957 531 5019 corpora
547 4957 628 5019 quae
644 4957 799 5020 personae
814 4943 885 5005 loco
902 4941 1075 5022 habentur)
1130 4937 1289 5002 Ecclesiae
1305 4936 1503 5015 disciplinam
1520 4935 1707 5012 deneganda
1721 4933 1879 4998 11111111-

325 5035 491 5098 111111111
515 5036 694 5098 auctoritati
723 5035 965 5109 ecclesiasticae,
993 5051 1073 5114 quae
1130 5033 1252 5094 siastica
1273 5032 1451 5112 sepultura.

325 5131 472 5207 potestati
493 5129 578 5191 civili
601 5129 735 5191 minime
766 5128 902 5191 obnoxia
924 5137 956 5192 et
976 5130 1075 5193 admi-

324 5223 473 5286 nistrabit
494 5229 527 5286 et
547 5229 652 5301 reget.

365 5315 433 5378 hrt.
458 5316 538 5380 xvi.
563 5317 685 5379 Pariter
706 5333 764 5395 pro
786 5317 1002 5396 peculiaribus
1023 5334 1074 5380 re·
1170 5315 1238 5376 hrt.
1269 5311 1363 5376 XXll.
1393 5311 1461 5387 Quo
1490 5311 1607 5374 melius
1638 5311 1880 5373 necessitatibus

325 5425 398 5472 rum
422 5411 589 5484 adiunctis,
605 5412 638 5472 in
654 5411 770 5490 quibus
787 5419 956 5474 versantur
979 5428 1073 5489 quae·
1129 5409 1344 5489 peculiaribus
1379 5406 1591 5486 prospiciatur
1616 5405 1719 5468 civilis
1745 5401 1878 5478 ordinis,

324 5505 395 5566 dam
431 5505 625 5567 coemeteria
656 5505 821 5569 civitatum
852 5504 1071 5584 Reipublicae,
1130 5503 1259 5583 parochi
1279 5501 1397 5579 aliique
1420 5500 1632 5572 ecclesiastici,
1656 5514 1796 5578 quorum
1812 5515 1881 5562 mu·

323 5597 426 5677 (puta'
440 5597 472 5660 S.
504 5597 591 5660 Eidei
620 5599 659 5661 de
688 5597 824 5675 Bogota,
854 5597 1071 5676 Carthaginis,
1130 5615 1189 5660 nus
1212 5603 1316 5660 estut
1338 5595 1476 5658 habeant
1496 5601 1528 5658 et
1545 5601 1712 5657 asservent
1732 5593 1831 5656 libros
1845 5594 1879 5656 in

324 5691 509 5768 blompoxii,
527 5690 1072 5771 1111111111)11111111111111111
1130 5691 1246 5768 quibus
1267 5696 1334 5752 acta
1364 5687 1602 5759 describuntur,
1631 5702 1711 5765 quae
1737 5695 1883 5765 spectant

323 5783 472 5860 ingentes
493 5785 531 5847 ab
553 5783 676 5847 aerario
697 5791 845 5862 sumptus
864 5787 975 5863 poscit,
993 5787 1072 5848 etin
1111 5785 1320 5861 nativitates,
1351 5782 1552 5844 matrimonia
1582 5787 1614 5842 et
1635 5779 1752 5853 obitus,
1786 5786 1879 5843 sexto

323 5876 439 5952 quibus
462 5877 571 5955 plures
593 5875 691 5940 iactae
712 5883 788 5940 suut
816 5878 950 5941 dominii
972 5885 1072 5940 trans·
1127 5892 1257 5956 quoquo
1279 5893 1391 5938 mense
1414 5875 1631 5939 transmittent
1651 5874 1688 5936 ad
1710 5875 1878 5937 auctorita-

1191 5179 1235 5242 lle
1256 5177 1375 5243 tabulis
1396 5175 1509 5257 quibos
1530 5177 1613 5239 cioca
1635 5181 1817 5240 censeatur.

324 5969 457 6034 lationes
480 5986 538 6050 pro
560 5971 690 6050 privatis
725 5970 858 6045 civibus,
889 5972 1001 6036 annuit
1022 5989 1071 6036 ec·
1127 5978 1176 6034 tes
1197 5971 1250 6034 vel
1272 5969 1421 6034 officiales
1442 5989 1458 6032 a
1479 5969 1691 6032 columbiano
1712 5966 1875 6032 (lubernio
1995 6039 1999 6048 ,
