4756 6994
357 575 407 632 An.
420 575 449 632 C.
463 575 532 631 tlte
591 573 648 638 162

568 724 707 787 rumque
721 709 855 772 aliarum
870 707 1089 779 eeclesiarum,
1108 705 1315 768 monasterio·

568 820 641 866 rum
675 811 706 866 et
735 803 902 875 ordinum,
929 801 1162 879 collegiorum,
1190 799 1315 862 militia-

568 913 661 968 rum,
686 897 781 960 etiam
803 895 835 959 S.
859 895 983 958 loannis
1012 893 1312 972 Hierosolymitani,

569 997 601 1052 et
623 989 800 1052 officiorum
823 989 923 1051 dictae
945 988 1070 1060 Curiae,
1088 994 1120 1050 et
1135 985 1228 1050 Urbis
1243 985 1314 1048 alia-

568 1099 708 1161 rumque
739 1083 904 1146 ciritatum
926 1090 959 1144 et
983 1082 1128 1144 locorum
1152 1099 1185 1143 ac
1207 1080 1314 1144 Game-

569 1193 622 1240 rae
647 1177 821 1255 praelatae,
850 1176 945 1237 etiam
970 1176 1169 1246 iuramento,
1201 1176 1315 1236 condr-

569 1274 708 1334 matione
740 1270 910 1350 apostolica
937 1270 988 1332 vel
1018 1269 1129 1348 quavis
1164 1269 1315 1332 firmitate

568 1367 642 1429 alias
675 1365 843 1436 roboratis,
868 1363 994 1426 statutis
1023 1372 1055 1426 et
1078 1363 1315 1425 consuetudini·

569 1462 638 1533 bus,
656 1457 833 1539 privilegiis
848 1470 990 1536 quoque,
1013 1457 1145 1520 indultis
1163 1466 1195 1520 et
1213 1457 1315 1520 literis

568 1553 747 1633 apostolicis
777 1553 867 1614 dictis
902 1551 1062 1624 ecclesiis,
1095 1551 1313 1622 monasteriis,

570 1648 747 1720 ordinibus,
773 1645 905 1718 militiis,
929 1645 1073 1722 collegiis
1102 1653 1134 1706 et
1155 1644 1316 1724 hospitali·

569 1743 640 1814 bus,
664 1756 844 1817 eorumque
867 1739 1068 1818 praesulibus
1090 1747 1123 1802 et
1143 1739 1315 1817 superiori-

570 1836 646 1908 bus,
671 1833 832 1912 magistris
854 1839 887 1894 et
908 1833 1180 1911 praeceptoribus,
1204 1839 1237 1896 et
1258 1833 1316 1893 mi-

569 1929 689 2002 litibus,
706 1927 851 2006 capitulis
873 1943 1013 2005 quoque,
1036 1919 1258 1998 conventinus]
1276 1925 1316 1988 ci-

569 2024 731 2094 vitatibus
754 2021 832 2084 locis
852 2020 987 2098 aliisque
1003 2021 1160 2099 praelatis,
1178 2037 1315 2083 necnon

570 2117 700 2180 illorum
729 2116 1013 2179 communitatibus
1041 2132 1075 2177 ac
1103 2115 1196 2177 etiam
1221 2117 1316 2177 vecti·

569 2211 648 2288 galis
670 2211 737 2272 uini
768 2209 953 2273 huiusmodi
982 2209 1184 2272 exactoribus
1213 2215 1245 2270 et
1266 2225 1316 2286 ap-

569 2305 777 2383 paltatoribus
799 2319 856 2366 seu
879 2303 1101 2367 detentoribus
1117 2309 1151 2366 et
1165 2301 1233 2364 aliis
1249 2302 1316 2378 qui·

569 2399 678 2459 bustis
702 2399 846 2476 personis
868 2397 928 2460 sub
950 2396 1208 2474 quibuscumque
1229 2403 1317 2457 teno-

569 2492 658 2553 ribus
681 2498 712 2554 et
733 2491 857 2563 lormis,
881 2507 1010 2553 aecum
1034 2489 1200 2567 quibusvis
1221 2489 1315 2551 etiam

569 2583 847 2662 derogatoriarum
870 2585 1082 2661 derogatoriis
1105 2583 1316 2662 aliisqueelii-

568 2679 755 2750 carioribus,
779 2679 1002 2741 efficacissimis
1025 2683 1057 2740 et
1077 2678 1212 2740 insolitis
1233 2679 1316 2742 clau-

568 2773 646 2834 sulis
669 2779 702 2835 et
722 2773 870 2844 decretis,
889 2789 946 2850 per
961 2786 1183 2849 quoscumque
1204 2773 1316 2835 Roma·

569 2883 626 2928 nos
649 2867 817 2930 Pontifices
843 2867 1104 2944 praedecessores
1126 2874 1265 2939 nostros,
1282 2883 1316 2929 ac

569 2962 664 3022 etiam
698 2977 755 3023 nos
786 2967 818 3023 et
850 2960 965 3023 Sedem
995 2959 1188 3038 praelatam,
1219 2961 1312 3023 etiam

569 3053 834 3116 consistorialiter
862 3061 894 3116 et
922 3054 962 3116 de
984 3055 1016 3115 S.
1040 3053 1075 3116 tt.
1097 3054 1132 3116 Ε.
1157 3054 1315 3132 praelatae

569 3148 785 3211 Cardinalium
811 3145 958 3218 consilio,
983 3147 1078 3208 etiam
1103 3162 1160 3225 per
1182 3149 1313 3211 modum

568 3242 677 3303 statuti
698 3250 732 3305 et
754 3240 992 3304 constitutionis
1013 3248 1258 3318 perpetuorum,
1282 3259 1315 3304 ac

570 3343 660 3400 motu
683 3345 716 3400 et
738 3335 868 3398 scientia
889 3334 1057 3405 similibus,
1071 3334 1176 3411 deque
1192 3342 1315 3413 aposto·

569 3431 647 3493 licae
669 3430 832 3508 potestatis
854 3427 1066 3507 plenitudine,
1083 3428 1136 3490 vel
1157 3429 1193 3490 ad
1217 3429 1315 3506 impe-

570 3525 704 3596 ratoris,
738 3537 874 3600 regum,
909 3522 1116 3599 reginerum,
1140 3523 1258 3584 dueum
1285 3528 1317 3583 et

569 3617 707 3680 aliorum
730 3616 911 3695 principum
933 3615 1093 3688 instantia,
1111 3631 1168 3677 seu
1184 3615 1313 3677 illorum

569 3710 852 3790 contemplatione,
876 3709 909 3770 in
931 3724 1053 3786 genere
1068 3709 1120 3771 vel
1142 3710 1174 3771 in
1196 3709 1313 3786 specie,

570 3821 604 3868 ac
625 3805 700 3867 alias
722 3802 954 3881 qumodolibet,
979 3803 1075 3864 etiam
1096 3801 1218 3864 iteratis
1243 3803 1317 3866 vici-

570 3899 641 3971 bus,
665 3897 840 3968 concessis,
864 3896 989 3960 etiamsi
1011 3896 1043 3958 in
1066 3895 1111 3958 eis
1134 3904 1166 3958 et
1192 3897 1316 3959 statutis

570 3991 718 4071 praelatis
740 3997 889 4053 caveatur
911 4005 1074 4068 expresse,
1092 3991 1176 4068 quod
1193 3998 1317 4054 exacto-

570 4101 622 4148 res
644 4085 909 4163 etappaltatores
930 4083 1095 4161 vectigalis
1117 4083 1248 4162 praelati
1264 4101 1316 4147 ve-

569 4179 664 4256 ctigal
686 4177 872 4240 huiusmodi
893 4176 987 4238 etiam
1011 4177 1048 4239 ab
1071 4178 1229 4256 exemptis
1252 4179 1317 4240 exi-

571 4289 667 4350 gere,
692 4277 725 4334 et
745 4270 817 4333 illos
838 4271 875 4333 ad
897 4271 1094 4332 solutionem
1117 4271 1169 4333 vel
1199 4273 1315 4334 contri·

570 4367 736 4431 butionem
769 4379 886 4443 cogere
907 4371 940 4426 et
968 4363 1165 4442 compellere
1196 4365 1318 4442 possint

571 4469 604 4523 et
618 4461 765 4532 debeant,
783 4458 934 4536 quodque
956 4458 1193 4536 praeceptoriae
1209 4467 1241 4521 et
1259 4461 1316 4522 alia

572 4554 724 4616 benellcia
746 4566 967 4630 quaecumque
984 4550 1057 4612 dicti
1073 4551 1237 4630 hospitalis
1254 4559 1315 4615 tarn

571 4665 611 4709 ex
640 4663 753 4710 eorum
775 4645 989 4715 institutione,
1014 4660 1108 4722 quam
1132 4663 1171 4708 ex
1199 4647 1315 4710 stabili-

571 4749 755 4806 mentorum
778 4740 997 4819 dispositione,
1014 4739 1233 4818 pensionibus
1257 4741 1318 4802 cle-

571 4837 644 4898 ricis
678 4841 710 4898 et
737 4835 806 4896 aliis
829 4834 987 4912 personis,
1012 4833 1108 4896 etiam
1130 4834 1318 4897 auctoritate

570 4931 740 5012 apostolica
761 4929 982 5002 reservandis,
1008 4929 1132 5006 gravari
1160 4945 1225 4990 non
1247 4945 1317 5007 pos-

570 5027 651 5102 sint3
675 5025 826 5102 quodque
847 5023 1070 5086 stabilimentis
1086 5039 1119 5085 ac
1139 5023 1317 5101 privilegiis

570 5119 737 5199 praelatis,
762 5118 856 5180 etiam
885 5117 1000 5194 vigore
1030 5116 1204 5195 implicitae
1226 5117 1317 5180 dero·

571 5213 706 5292 gationis
732 5212 886 5299 latissime
916 5210 1120 5272 extendendo
1143 5211 1238 5272 etiam
1261 5226 1317 5289 per

570 5309 678 5372 literas
705 5305 903 5385 apostolicas,
927 5321 961 5366 ac
982 5305 1078 5367 etiam
1106 5304 1317 5382 derogatarta-

570 5418 644 5463 rum
674 5397 892 5477 derogatorias
928 5397 1184 5475 efficacioresque
1210 5404 1243 5461 et
1270 5399 1316 5459 in-

570 5498 678 5561 solitas
700 5496 856 5560 clausulas
878 5495 1027 5572 derogari
1048 5511 1113 5556 non
1135 5495 1244 5573 possit,
1258 5511 1317 5557 nec

570 5594 760 5671 derogatum
782 5596 960 5662 censeatur,
985 5588 1046 5652 nisi
1071 5589 1237 5666 derogatio
1260 5588 1317 5651 bu·

569 5685 708 5748 iusmodi
723 5685 762 5748 de
776 5699 935 5747 consensu
957 5684 1147 5746 eorumdem
1169 5682 1317 5746 Gardina-

570 5781 649 5842 lium
679 5779 743 5852 fiat,
766 5795 800 5840 ao
826 5784 903 5841 tunc
924 5779 1055 5841 demum
1084 5784 1263 5840 conventus
1285 5786 1318 5841 et
1344 5772 1346 5781 '

571 5873 717 5952 magistri
739 5872 955 5953 praelatorum
971 5872 1055 5934 adid
1071 5872 1197 5934 accedat
1211 5888 1316 5934 assen-

570 5984 637 6042 sus,
660 5969 788 6046 sintque
820 5967 933 6030 literae
961 5967 1178 6046 derogationis
1207 5965 1316 6027 buius-

1090 588 1155 634 rnn.
1180 588 1271 634 nour.
1296 587 1336 632 nu
1358 587 1388 633 r.
1412 555 1442 632 r.
1466 588 1550 634 rans
1571 587 1593 632 1.
1647 619 1649 624 .

1373 705 1460 766 modi
1488 721 1545 784 per
1579 705 1608 768 d.
1643 706 1834 782 magistrum
1864 704 2061 782 subscriptae
2089 721 2122 766 ac

1371 799 1457 862 illius
1487 798 1661 861 conventui
1684 800 1824 878 praelato
1847 814 1904 877 per
1926 799 2068 862 diversas
2090 802 2121 860 in

1371 893 1473 956 forma
1489 893 1595 954 brevis
1614 893 1733 966 literas,
1751 893 1886 956 diversis
1909 891 2120 971 temporibus,

1370 1003 1444 1049 cum
1473 985 1568 1049 certis
1597 985 1774 1050 intervallis
1800 986 1963 1049 intimatae
1990 993 2022 1049 et
2049 987 2121 1048 insi·

1371 1087 1496 1153 nuatae,
1527 1086 1560 1143 et
1587 1097 1652 1143 non
1681 1080 1755 1142 alias
1781 1097 1840 1142 nec
1869 1081 1931 1142 alio
1960 1081 2067 1153 modo,
2091 1087 2123 1142 et

1370 1190 1499 1253 semper
1514 1175 1546 1235 in
1563 1175 1724 1248 omnibns,
1742 1189 1822 1253 quae
1844 1175 1889 1236 sic
1905 1175 1983 1236 dent
1999 1175 2120 1236 etiarnsi

1371 1269 1410 1330 de
1432 1267 1529 1330 simili
1562 1267 1695 1330 consilio
1721 1268 1983 1344 derogationibus
2008 1269 2050 1330 sit
2071 1285 2121 1347 ap-

1352 1363 1472 1440 ·posita
1508 1361 1666 1434 clausula,
1698 1363 1783 1438 quod
1811 1361 1943 1424 illorum
1972 1363 2119 1424 ellectum

1371 1457 1547 1518 sortiantur
1573 1457 1613 1518 de
1638 1471 1796 1518 consensu
1819 1457 1964 1534 magistri
1993 1465 2025 1518 et
2049 1474 2121 1518 con·

1372 1558 1488 1612 uentus
1511 1551 1739 1629 praelatorum,
1757 1557 1789 1612 et
1803 1567 1868 1612 non
1884 1550 1970 1623 alias,
1987 1567 2047 1612 nec
2061 1552 2121 1613 alio

1373 1645 1482 1706 modo:
1508 1647 1625 1723 quibus
1657 1644 1806 1708 omnibus
1839 1651 1872 1707 et
1899 1644 2051 1722 singulis,
2077 1653 2121 1707 et-

1371 1739 1462 1801 iamsi
1484 1755 1541 1818 pro
1563 1739 1694 1802 illorum
1717 1739 1885 1802 sufficienti
1913 1739 2121 1816 derogatione

1372 1834 1411 1896 de
1432 1832 1496 1896 illis
1518 1849 1698 1911 eorumque
1720 1835 1794 1895 totis
1818 1833 1984 1895 tenoribus
2005 1836 2121 1912 specia-

1373 1928 1429 2000 lis,
1453 1927 1614 2005 specifica,
1645 1943 1796 2005 expressa
1832 1935 1864 1990 et
1890 1927 2052 1988 individua
2087 1944 2121 1988 ac

1373 2022 1412 2083 de
1423 2021 1524 2084 verbo
1540 2022 1576 2084 ad
1594 2020 1744 2093 verbum,
1762 2027 1949 2082 nouantem
1966 2035 2023 2097 per
2038 2020 2120 2084 olau-

1372 2115 1457 2176 sulas
1473 2113 1641 2192 generales
1658 2113 1740 2176 idem
1759 2113 1980 2192 imponantes,
1999 2115 2120 2176 mentio

1373 2224 1430 2270 seu
1454 2209 1585 2285 quaevis
1614 2207 1671 2270 alia
1701 2208 1866 2286 expressio
1896 2208 2039 2271 habenda
2067 2217 2121 2270 aut

1372 2301 1476 2378 aliqua
1504 2301 1562 2363 alia
1592 2301 1750 2379 exquisita
1780 2301 1881 2364 torma
1903 2302 1940 2364 ad
1968 2303 2027 2363 boc
2055 2319 2120 2364 ser-

1372 2396 1474 2457 vanda
1495 2395 1588 2468 ioret,
1613 2401 1743 2458 tenores
1766 2395 1963 2468 huiusmodi,
1980 2413 2014 2458 ac
2033 2395 2059 2456 si
2081 2397 2120 2458 de

1372 2489 1472 2550 verbo
1495 2489 1531 2551 ad
1554 2489 1710 2558 verbum,
1735 2489 1815 2552 nibil
1845 2491 1973 2568 penitus
2002 2491 2120 2552 omisso

1372 2591 1403 2644 et
1424 2582 1526 2644 torma
1549 2583 1581 2644 in
1603 2583 1665 2645 illis
1686 2583 1800 2644 tradita
1821 2584 1999 2657 observata,
2016 2585 2120 2664 expri-

1373 2684 1551 2746 merentur,
1567 2677 1789 2754 praesentibus
1812 2694 1869 2755 pro
1891 2681 2051 2757 expressis
2069 2681 2120 2741 lta-

1371 2771 1495 2842 bentes,
1520 2769 1582 2831 illis
1604 2769 1678 2830 alias
1700 2770 1732 2831 in
1755 2787 1814 2832 suo
1836 2771 1952 2834 robore
1976 2789 2120 2849 perman-

1371 2865 1465 2937 suris,
1482 2864 1519 2925 ad
1535 2865 1784 2941 praemissorum
1801 2865 1961 2938 ellectum,
1980 2866 2036 2928 hac
2051 2867 2120 2928 vice

1372 2959 1549 3031 dumtaxat,
1580 2956 1759 3035 specialiter
1788 2967 1820 3020 et
1848 2974 1999 3042 expresse
2028 2961 2120 3022 dero-

1372 3069 1495 3130 gamus,
1520 3052 1702 3128 ceterisque
1724 3053 1891 3114 contrariis
1906 3054 2119 3131 iquibuscum-

1371 3163 1445 3226 oue.
1463 3146 1620 3209 Volumus
1641 3153 1749 3208 autem
1772 3149 1857 3224 quod
1873 3149 1998 3222 notarii,
2016 3159 2119 3229 perte

1371 3243 1484 3319 vigore
1517 3239 1734 3318 praesentium
1769 3242 1916 3316 creandi,
1949 3250 2118 3322 antequam

1372 3335 1525 3398 exercitio
1558 3333 1643 3396 tituli
1675 3334 1850 3412 insignium
1874 3345 1906 3399 et
1935 3338 2119 3416 privilegio·

1371 3445 1463 3502 rum,
1497 3429 1628 3490 notariis
1652 3428 1836 3490 huiusmodi
1865 3434 2116 3510 competentium

1372 3521 1493 3600 perlrui
1516 3521 1678 3600 incipiant,
1696 3522 1815 3584 nedum
1838 3523 1871 3586 in
1895 3525 2042 3586 manibus
2059 3527 2117 3588 tuis

1371 3616 1424 3680 vel
1447 3617 1579 3678 alicuius
1601 3631 1757 3694 personae
1780 3616 1813 3678 in
1836 3617 1990 3694 dignitate
2020 3618 2118 3681 eccle-

1372 3711 1493 3773 siastica
1514 3711 1715 3781 constitutae,
1733 3710 1967 3788 professionem
1984 3712 2059 3774 fidei
2074 3713 2119 3775 iu·

1371 3811 1424 3866 xta
1435 3805 1585 3867 articulos
1598 3803 1723 3882 pridem
1735 3819 1751 3864 a
1765 3801 1846 3865 Sede
1857 3803 2035 3884 Apostolica
2049 3823 2119 3886 pro-

1373 3900 1492 3977 positos
1515 3898 1676 3970 emittere,
1691 3903 1723 3959 et
1744 3895 1875 3960 solitum
1898 3899 2058 3963 fidelitatis
2073 3902 2120 3963 iu-

1373 4000 1556 4056 ramentum
1579 3997 1740 4070 praestare
1763 3997 1944 4066 teneantur,
1962 3995 2017 4056 sed
2039 3995 2120 4058 ulte-

1373 4087 1440 4150 rius
1462 4092 1535 4149 ante
1558 4085 1755 4164 praedictum
1779 4087 1969 4150 exercitium
1993 4095 2025 4151 et
2046 4096 2119 4152 ante

1373 4186 1438 4242 tres
1460 4195 1589 4241 menses
1611 4184 1742 4240 extunc
1758 4180 1931 4257 proximos,
1949 4180 2045 4244 otiam
2060 4182 2119 4243 sub

1372 4271 1579 4335 inhabilitatis
1594 4271 1630 4333 ad
1654 4286 1874 4350 quascumque
1895 4275 2066 4351 pensiones
2088 4282 2120 4337 et

1373 4367 1526 4430 beneficia
1559 4365 1767 4430 ecclesiastica
1796 4366 2010 4444 imposterum
2040 4368 2119 4430 obti-

1373 4461 1487 4533 nenda,
1500 4459 1645 4536 aliisque,
1659 4467 1770 4522 nostro
1783 4467 1815 4522 et
1826 4476 1884 4537 pro
1899 4466 2043 4540 tempore
2054 4463 2119 4524 exi·

1372 4555 1486 4618 stentis
1508 4553 1642 4616 Romani
1664 4552 1824 4614 Pontificis
1845 4553 1987 4628 arbitrio,
2008 4555 2119 4633 poenis

1373 4649 1528 4712 exhibere
1557 4663 1613 4708 seu
1637 4645 1782 4708 exbiberi
1806 4645 1909 4708 lacere
1932 4649 2117 4727 exemplum

1373 4759 1429 4804 seu
1463 4747 1700 4818 transumptum
1732 4739 1951 4801 authenticum
1991 4749 2119 4804 tuarum

1372 4835 1540 4898 literarum
1573 4847 1686 4894 eorum
1719 4831 1890 4893 creationis
1917 4833 1950 4894 in
1979 4836 2119 4900 notarios

1373 4945 1471 5008 penes
1493 4934 1640 4989 nostrum
1670 4933 1702 4987 et
1724 4925 1870 4988 eiusdem
1899 4926 1989 4990 Sedis
2015 4946 2120 4992 seore-

1372 5023 1488 5086 tarium
1517 5021 1666 5083 brevium
1690 5021 1821 5084 omnino
1844 5023 1996 5096 debeant,
2019 5025 2119 5101 quod-

1373 5133 1435 5196 que
1457 5118 1496 5179 de
1523 5116 1580 5178 bac
1609 5115 1774 5178 voluntate
1804 5125 1911 5180 nostra
1938 5119 1971 5180 in
2000 5123 2062 5180 tuis
2083 5119 2120 5181 li·

1373 5212 1449 5274 teris
1472 5209 1641 5288 praedictis
1665 5210 1717 5271 ilat
1739 5211 1862 5272 mentio
1883 5213 2038 5290 specialis,

1412 5305 1526 5366 batum
1549 5301 1677 5373 Romae,
1707 5302 1788 5380 apud
1820 5302 1851 5364 S.
1877 5303 2004 5367 llariam
2028 5307 2118 5368 llaio-

1373 5413 1455 5469 rem,
1480 5395 1539 5458 sub
1561 5395 1680 5456 annulo
1706 5395 1884 5468 Piscatoris,
1908 5397 1958 5459 die
1974 5415 2062 5461 xxrr.
2079 5399 2120 5462 ia-

1372 5491 1475 5554 nuarii
1498 5506 1691 5562 unccxtrn„
1715 5489 1827 5567 pontii.
1852 5493 1952 5553 nostri
1971 5509 2055 5555 anno
2070 5511 2117 5556 nr.

2161 571 2212 626 An.
2225 573 2252 630 [l.
2266 575 2327 632 ills
