4836 7002
908 574 1052 619 clausus
1074 574 1124 618 PP.
1149 573 1219 618 atti.

289 710 353 758 non
375 693 568 772 pollicemur
582 695 623 780 de
644 699 697 755 tua
718 689 919 756 custodiendi
931 689 1040 768 gregis

290 787 345 850 tibi
367 786 530 850 commissi
551 785 787 858 sollicitudine,
811 785 946 862 eiusque
968 799 1041 862 pro-

290 880 421 942 hibendi
443 898 459 942 a
481 879 649 942 venenatis
671 879 794 957 pascuis
816 877 986 940 sedulitate
1008 883 1041 938 et

291 990 383 1050 cura;
407 975 558 1037 novimus
581 975 667 1036 euim
690 987 785 1050 quam
802 972 873 1034 zelo
889 971 945 1034 Dei
960 977 992 1032 et
1007 971 1039 1032 in

288 1068 357 1129 eins
379 1067 552 1130 Ecclesiam
567 1083 677 1130 amore
693 1065 879 1143 flagrantem
896 1066 1039 1127 animum

288 1177 392 1239 geras.
416 1160 459 1223 Ac
482 1159 673 1223 fraternitati
697 1167 770 1222 tuae
794 1175 851 1238 pro
876 1167 966 1220 certo
989 1159 1040 1218 ba·

288 1255 402 1316 bemus
425 1256 721 1334 perspectissimum
745 1270 827 1326 esse,
851 1253 986 1315 suffosso
1009 1268 1041 1314 e-

288 1364 450 1426 versoque
472 1349 694 1420 fundamento,
711 1363 792 1426 quae
814 1354 863 1410 est
883 1345 1041 1409 cathedra

288 1442 385 1514 Petri,
410 1458 539 1504 omnem
563 1441 738 1504 Ecclesiam
761 1441 845 1504 dirui
868 1447 1039 1519 oportere;

288 1551 383 1614 quam
407 1543 576 1614 propterea
599 1551 764 1612 nunquam
787 1535 925 1613 patietur
940 1536 1038 1610 pietas

289 1636 341 1691 tua
364 1627 483 1692 exitiali
512 1634 544 1692 et
566 1627 719 1707 pestifero
741 1627 825 1690 libro
845 1625 1037 1690 labefactari.

119 1739 219 1798 casurum
235 1733 270 1776 n-
328 1722 397 1798 52.
421 1721 483 1784 llac
504 1721 604 1798 igitur
624 1729 715 1800 peste
737 1721 907 1784 dioecesim
938 1726 1037 1792 tuam,

56 1883 57 1894 ,
104 1797 157 1895 IIII,
179 1787 524 1885 illicitatorem
554 1815 733 1893 irrepserit,
757 1815 845 1878 omni
871 1830 946 1876 cura
968 1830 1039 1892 pcr-

56 1955 57 1960 ,
104 1893 270 2043 ζξξξξρξοὲῗξζ
288 1907 441 1987 purgabis
471 1915 503 1970 et
531 1907 708 1986 diligentia.
741 1906 812 1970 lda
843 1916 872 1968 te
901 1907 1041 1986 postulat

103 2011 270 2102 fflffgffimggg
289 2018 347 2080 pro
376 2001 478 2064 salute
506 2018 562 2064 sua
584 2007 616 2062 et
640 1999 860 2063 incolumitate
887 1999 1039 2064 catholica

263 2089 267 2098 '
287 2096 416 2172 religio,
439 2095 469 2157 id
493 2101 525 2157 te
547 2095 613 2173 ipsa
634 2095 771 2172 dignitas
789 2095 883 2156 etiam
908 2101 959 2155 tua
976 2110 1038 2155 ma·

287 2189 391 2252 iorem
414 2189 446 2250 iu
469 2189 601 2250 modum
623 2187 785 2265 efflagitat.
812 2186 925 2266 Neque
950 2187 1037 2250 enim

286 2283 435 2360 ignoras,
469 2296 533 2358 quo
563 2281 766 2343 miseriarum
799 2296 928 2359 semper
957 2280 1039 2343 deci·

287 2375 395 2438 derint
423 2374 496 2437 illae
527 2373 705 2446 Ecclesiae,
728 2389 865 2451 quarum
891 2373 1038 2452 Episcopi

286 2469 348 2531 sibi
369 2476 445 2530 sunt
465 2466 627 2540 assentati,
646 2467 796 2546 depressa
811 2467 943 2529 Romani
958 2467 1037 2528 Pou-

287 2563 380 2624 tificis
411 2562 611 2632 auctoritate,
636 2561 706 2639 plus
737 2559 797 2622 sibi
832 2563 1034 2622 accessurum

287 2671 359 2718 esse
381 2656 543 2734 potentiae
564 2661 596 2716 et
616 2654 791 2732 dignitatis,
814 2669 1037 2732 novarumque

285 2765 397 2812 rerum
420 2749 552 2826 cupidos
574 2749 791 2826 episcopatum
810 2747 950 2825 denique
972 2765 1037 2811 ser-

286 2843 381 2905 vituti
404 2849 437 2904 et
465 2841 674 2920 compedibus
703 2840 869 2902 obiecisse.
893 2840 957 2902 'lua
980 2841 1037 2917 igi·

287 2943 340 2998 tur
368 2937 401 2997 in
423 2934 595 2998 Ecclesiam
626 2935 743 3012 pietate
765 2933 961 3011 egregiaque
983 2934 1036 2996 de·

286 3029 419 3092 votione
451 3029 483 3090 iu
513 3027 728 3107 apostolicam
757 3025 873 3092 Sedem
906 3029 1034 3101 confisi,

328 3271 357 3326 (l)
374 3273 436 3315 Acta
452 3269 684 3326 praedecessorum
702 3279 750 3326 pro
764 3269 891 3314 instituto
907 3271 930 3313 S.
946 3273 974 3324 1.,
990 3269 1038 3316 hac

284 3337 478 3383 constitutione
492 3337 658 3391 confirmata,
672 3336 790 3382 breviter
804 3337 983 3382 accendamur.

327 3403 484 3448 institutum
512 3407 536 3448 ef
560 3403 717 3458 religionem
739 3403 901 3448 Clericorum
928 3404 1038 3460 Regula-

285 3470 358 3516 rium
370 3470 510 3516 societatis
523 3473 581 3515 lesu
592 3470 708 3526 primum
719 3469 875 3527 approbavit
886 3471 983 3516 Paulus
994 3473 1036 3517 lli.

285 3539 447 3583 coaetanei
464 3549 545 3583 noxa.
562 3549 618 3582 nov,
635 3547 719 3582 xxsrr.
736 3539 830 3582 Munus
855 3539 881 3582 et
897 3537 1039 3584 auctorita·

286 3609 341 3649 tem
365 3604 508 3662 praepositi
530 3603 664 3660 generalis
679 3603 760 3648 huius
775 3604 914 3649 societatis
929 3604 1038 3662 explica-

285 3673 335 3726 vit,
350 3683 396 3718 uec
411 3683 462 3717 uon
478 3671 651 3728 quamplures
666 3669 769 3726 gratias
783 3673 913 3716 concessit
932 3675 958 3716 et
973 3672 1039 3717 ordi-

285 3741 408 3786 nationes
421 3751 468 3796 pro
478 3739 535 3783 eins
546 3739 614 3784 bono
626 3737 756 3794 regimine
768 3739 883 3784 firmavit
897 3739 980 3784 lulius
995 3743 1037 3784 lli.

284 3813 367 3852 coust.
384 3806 447 3851 artui
467 3804 862 3858 uoccxurx.oct.xv111.;idem
880 3807 1038 3851 institutum

284 3875 446 3928 regulasque
458 3872 554 3917 meiius
568 3871 713 3928 explicatas
729 3873 827 3918 iterum
842 3873 997 3929 approbavit
1012 3878 1038 3919 et

284 3940 454 3986 confirmavit
464 3940 582 3984 Pontifex
594 3939 662 3984 idern
674 3941 830 3985 cenetensi
842 3951 903 3985 uua.
914 3941 974 3986 iulii
984 3953 1036 3988 xxt.

285 4008 392 4053 Gratias
405 4013 431 4052 et
446 4007 586 4064 privilegia
599 4008 723 4052 Societati
734 4011 792 4052 lesu
803 4007 974 4064 eiusdemque
989 4009 1040 4054 col-

285 4075 364 4132 legiis
380 4075 484 4120 indulta
494 4073 629 4120 innovavit
644 4079 671 4120 et
685 4075 826 4131 ampliavit
836 4075 952 4120 Pontifex
969 4077 1037 4120 idern

284 4147 368 4188 coust.
382 4143 446 4188 anui
462 4154 544 4188 uuarr.
556 4147 606 4188 oct.
619 4153 685 4188 xxu.
700 4143 866 4198 Religionem
881 4143 1038 4189 clericorum

285 4209 451 4265 regularium
468 4211 608 4255 societatis
623 4213 681 4255 lesu
698 4221 754 4255 esse
770 4222 830 4255 vere
851 4211 882 4256 de
897 4211 1039 4258 Ordinibus

286 4277 501 4332 Mendicantium,
513 4287 657 4333 eorumque
670 4275 766 4333 gratiis
779 4283 805 4322 et
818 4276 971 4334 privilegiis,
982 4281 1037 4324 tam

285 4345 416 4389 concessis
431 4355 510 4401 quam
527 4344 706 4397 concedendis,
722 4345 821 4402 perfrui
836 4345 966 4391 delaravit
978 4347 1039 4392 Pius

285 4414 331 4455 PP.
346 4413 373 4454 V.
390 4412 546 4457 consessui
561 4423 673 4458 uuaxxr.
686 4412 744 4456 iulii
760 4424 788 4458 ιι.
799 4413 964 4458 raucitatem
981 4415 1041 4459 reli·

285 4478 368 4534 glosis
376 4479 515 4524 societatis
528 4483 586 4524 lesu
603 4479 718 4535 eligendi
728 4487 927 4526 conservatores
942 4481 968 4525 iu
980 4481 1038 4526 sius

284 4545 372 4591 musis
395 4557 425 4592 ac
444 4545 664 4592 iurisdictionem
678 4546 796 4603 ipsorum
819 4552 1037 4593 conservatorum

285 4613 401 4658 indulxit
416 4611 535 4658 Pontifex
551 4613 619 4659 idem
633 4617 716 4659 coust.
727 4614 790 4659 anni
801 4625 934 4660 uuuxvtn.
948 4619 1039 4661 octavo

286 4681 341 4726 kal.
355 4681 433 4736 iunii,
450 4691 518 4738 quae
533 4692 613 4738 quum
630 4693 676 4738 per
690 4683 833 4738 sequutum
848 4680 981 4728 Pontiflcis
997 4684 1039 4728 ob·

285 4747 353 4792 itum
376 4748 493 4794 confecta
513 4759 563 4794 uon
583 4747 673 4802 fuerit,
694 4748 851 4794 confirmata
871 4749 1038 4806 postmodum

285 4815 375 4860 extitit
390 4825 406 4860 a
421 4815 548 4871 Gregorio
570 4818 634 4860 lilii.
651 4815 757 4861 constit.
776 4815 818 4860 sul
835 4816 897 4862 anni
915 4828 1037 4862 nnaxxn.

286 4881 350 4926 maii
369 4893 430 4926 xxv.
448 4882 594 4938 collegium
617 4893 677 4929 cum
694 4882 872 4930 universitate
887 4884 1038 4928 studiorum

285 4949 449 5004 generalium
459 4949 633 4995 scientiarum
648 4953 675 4994 et
685 4950 785 4996 artium
804 4951 829 4994 iu
844 4951 938 5008 oppido
949 4950 1038 4995 Pontis

286 5017 415 5062 Mausonil
430 5017 557 5063 dioecesis
572 5017 696 5062 Maiensis
711 5017 738 5062 in
753 5017 936 5074 Letharingia,
946 5019 1039 5064 confir·

286 5084 370 5128 mavit
390 5083 506 5128 Pontifex
529 5084 597 5130 idem
618 5089 701 5130 const.
717 5084 778 5130 auni
801 5085 918 5130 eiusdem
940 5086 1035 5131 decern·

285 5151 340 5196 bris
354 5162 379 5194 v.
396 5153 432 5195 Ne
447 5150 568 5208 religiosi
586 5155 612 5196 et
627 5162 754 5208 personae
772 5151 911 5198 societatis
927 5156 985 5198 lesu
1004 5155 1036 5200 ad

285 5218 405 5274 publicas
432 5218 612 5275 processiones
637 5219 760 5264 accedere
785 5223 916 5275 cogantur
941 5221 1037 5266 statuit

285 5285 403 5330 Pontifex
425 5285 495 5330 idern
516 5285 653 5331 constitut.
670 5287 758 5332 altera
774 5287 838 5332 anui
853 5297 984 5348 uunxxvr.
1000 5288 1038 5332 iu·

285 5352 314 5396 lii
334 5363 388 5398 xvr.
405 5353 476 5403 Quod
500 5363 546 5409 pro
561 5353 699 5409 Religione
716 5353 773 5410 ipsa
795 5353 891 5409 ubique
913 5355 1037 5400 ecclesiae

286 5423 311 5465 et
326 5421 419 5464 domus
434 5420 571 5466 aedificari
586 5420 695 5476 possint,
711 5432 760 5466 non
778 5421 900 5466 obstante
915 5433 1038 5476 quocum-

285 5499 336 5544 que
351 5487 492 5544 privilegio
513 5487 539 5532 iu
555 5488 719 5534 contrarium
742 5489 802 5534 aliis
820 5488 962 5534 Ordinibus
981 5500 1039 5534 cou-

285 5567 371 5610 cesso,
392 5555 472 5602 iussit
493 5555 563 5600 idem
587 5555 703 5602 Pontifex
725 5556 863 5604 constitut.
885 5556 948 5602 anui
970 5557 1035 5602 eius·

285 5623 342 5668 dem
358 5623 473 5668 octobris
489 5635 552 5669 xxx.
577 5623 774 5680 Exemptiouem
797 5625 877 5670 liuius
898 5624 1037 5670 societatis

284 5701 300 5734 a
314 5690 496 5747 praestatione
511 5691 674 5736 deeimarum
691 5697 717 5736 et
727 5691 841 5737 aliorum
853 5703 964 5737 onerum
976 5703 1036 5750 quo·

285 5769 460 5815 rumcumque
474 5769 490 5803 a
505 5759 627 5816 pluribus
639 5759 809 5804 Pontificibus
819 5769 968 5805 concessant
980 5771 1037 5805 cou-

286 5825 403 5870 firmavit
418 5825 534 5872 Pontifex
550 5825 619 5872 idem
634 5831 717 5871 const.
733 5827 796 5872 anni
811 5837 941 5874 stuuxxvv.
955 5827 1006 5872 ian.
1019 5840 1036 5873 ι.

284 5895 363 5938 Usum
374 5893 469 5938 altaris
480 5895 623 5951 portatilis,
634 5905 685 5940 nou
697 5895 819 5940 obstante
829 5896 965 5942 contraria
975 5899 1036 5941 cou-

284 5960 339 6006 cilii
354 5959 501 6006 'tridentini
515 5960 695 6018 dispositione,
705 5961 842 6019 religiosis
857 5962 937 6010 huius
953 5963 1037 6010 Socie-

1094 705 1207 752 semeu
1223 689 1301 752 adeo
1323 687 1525 768 pestiferum,
1541 687 1669 752 inimica
1691 702 1786 750 manu
1809 686 1841 750 in

1094 784 1222 846 vineam
1255 783 1381 846 Domini
1413 783 1541 856 iactum,
1566 784 1643 848 dum
1676 799 1842 861 speramus

1095 883 1146 940 tua
1169 876 1335 952 diligentia
1360 878 1538 940 extinctum
1564 877 1615 950 iri,
1638 876 1842 958 apostolicam

1093 970 1352 1033 benedittionem
1375 971 1567 1035 fraternitati
1584 979 1666 1043 tuae,
1684 971 1771 1032 omni
1787 989 1843 1033 no·

1093 1065 1151 1126 stri
1183 1064 1287 1128 cordis
1314 1065 1439 1138 auecta,
1466 1072 1669 1144 peramanter
1698 1065 1843 1144 imperti·

1095 1173 1178 1220 mur.

1133 1251 1247 1318 Datum
1275 1250 1405 1323 Romae,
1429 1252 1510 1331 apud
1541 1249 1573 1315 S.
1598 1252 1725 1314 llariam
1750 1253 1842 1316 llaio-

1094 1359 1176 1416 rem,
1200 1345 1260 1407 sub
1279 1344 1398 1406 annulo
1416 1344 1593 1418 Piscatoris,
1611 1347 1662 1409 die
1678 1364 1743 1410 ιιι.
1762 1363 1843 1408 mar-

1095 1437 1130 1501 tii
1151 1454 1337 1511 succussu,
1362 1439 1566 1518 pontificatus
1581 1441 1683 1502 nostri
1700 1457 1782 1504 auno
1799 1458 1840 1502 vr.

1339 1641 1398 1648 -.--
1403 1642 1480 1648 ----
1484 1641 1603 1648 -ω-ο-η

1442 1813 1499 1918 Ἦσλ

1093 2000 1283 2064 factitatum
1310 2001 1379 2064 Soc.
1406 2001 1476 2064 lesu
1504 2019 1524 2066 o
1551 2001 1844 2083 praedecessoribus

1134 2092 1357 2268 apprIIIwm⁹
1388 2095 1505 2158 iterum
1531 2094 1647 2176 probol
1673 2103 1702 2158 et
1730 2097 1843 2179 coapir·

1133 2193 1200 2249 mat
1271 2235 1277 2249 .

1252 2371 1441 2442 stellans
1465 2373 1682 2443 [staturus

1282 2551 1392 2604 servus
1414 2553 1570 2604 aurorum
1593 2537 1656 2618 Dei,

1212 2655 1248 2723 ad
1271 2661 1445 2740 perpetuen
1468 2657 1518 2724 rei
1539 2659 1721 2726 memoriam.

1132 2845 1150 2920 ἓ
1167 2846 1195 2906 l.
1209 2843 1429 2924 Apostolicum
1444 2847 1590 2924 pascendi
1604 2847 1758 2910 bominici
1771 2864 1843 2925 gre·
1879 2859 2054 2920 ramentum.

1093 2937 1140 3014 gis
1163 2953 1280 3000 munus
1310 2938 1494 3002 beatissimo
1516 2938 1670 3018 apostolo
1695 2941 1789 3003 Petro
1812 2957 1842 3003 e·

1092 3031 1205 3108 iusque
1234 3032 1412 3094 successori
1440 3031 1583 3095 Romano
1617 3033 1760 3096 Pontifici
1789 3035 1842 3096 de·

1166 3187 1330 3196 -———.

1094 3270 1166 3318 tatis.
1176 3273 1225 3317 sub
1235 3271 1390 3329 opportunis
1401 3273 1635 3327 declarationibus,
1643 3273 1765 3319 restituit
1774 3273 1843 3319 idem

1093 3338 1210 3383 Pontifex
1233 3343 1314 3386 coust.
1335 3341 1399 3385 anui
1420 3351 1552 3386 aruuxxrx.
1571 3343 1621 3386 oct.
1636 3353 1653 3386 ι.
1670 3344 1705 3386 Ne
1724 3341 1843 3398 religiosi

1093 3407 1174 3452 buius
1190 3407 1328 3454 societatis
1344 3409 1376 3453 ad
1391 3407 1457 3454 alios
1472 3409 1582 3454 Ordines
1597 3419 1676 3466 quam
1691 3409 1724 3454 ad
1735 3410 1844 3454 carthu-

1093 3475 1206 3520 siensem
1229 3474 1345 3520 transire
1360 3475 1469 3532 possint,
1485 3476 1621 3532 prohibuit
1637 3475 1753 3522 Pontifex
1773 3475 1842 3522 idem

1092 3545 1175 3586 coust.
1192 3541 1254 3586 anui
1270 3541 1387 3586 eiusdem
1409 3546 1458 3587 oct.
1475 3553 1549 3587 xxxx.
1565 3543 1771 3588 Universltatem
1790 3547 1844 3589 stu·

1092 3609 1197 3655 diorum
1220 3608 1247 3654 in
1262 3609 1374 3665 collegio
1389 3609 1528 3656 societatis
1542 3613 1602 3655 lesu
1619 3610 1736 3658 civitatis
1752 3612 1843 3658 Vilnae

1093 3677 1121 3721 iu
1135 3688 1216 3734 reguo
1236 3677 1368 3731 Poloniae,
1384 3687 1443 3722 cum
1462 3677 1663 3734 privilegiorum
1684 3679 1843 3736 elargitione

1092 3745 1261 3790 confirmavit
1282 3743 1398 3789 Pontifex
1421 3743 1489 3789 idern
1512 3750 1594 3790 const.
1616 3745 1720 3790 eiudem
1743 3746 1795 3792 diei
1816 3751 1843 3792 et

1092 3812 1162 3857 anui.
1174 3810 1339 3867 presbyteris
1350 3811 1490 3856 societatis
1500 3815 1558 3856 lesu
1569 3811 1746 3868 confessariis,
1754 3825 1844 3869 quam·

1092 3879 1131 3923 vis
1146 3878 1301 3934 magisterio
1315 3879 1464 3935 theologiae
1480 3885 1507 3924 et
1523 3878 1589 3924 iuris
1604 3880 1723 3925 canonIci
1739 3893 1789 3926 non
1806 3881 1843 3926 iu·

1093 3946 1208 4002 signitis,
1224 3946 1378 3992 facultatem
1393 3945 1529 4003 aperiendi
1544 3947 1638 3992 literas
1651 3950 1746 3993 Sacrae
1757 3949 1843 3993 Poeni·

1093 4013 1236 4058 teutiariae
1251 4017 1348 4070 apost..
1362 4020 1389 4057 et
1403 4013 1580 4059 absolutionis
1593 4013 1751 4060 beneficium
1768 4015 1843 4060 iuxta

1092 4080 1199 4126 illarum
1220 4079 1420 4137 dispositionem
1442 4080 1621 4138 impendendi,
1643 4081 1703 4127 fecit
1725 4083 1843 4128 Pontifex

1093 4148 1161 4194 idem
1180 4153 1262 4196 const.
1284 4149 1348 4194 anni
1368 4159 1509 4194 uuuxxxn.
1531 4148 1623 4207 aprilis
1638 4161 1676 4195 nr.
1699 4151 1844 4196 atrctorita·

1094 4218 1146 4260 tsm
1162 4215 1305 4272 praepositi
1316 4215 1451 4273 generalis
1462 4216 1542 4260 huius
1554 4216 1693 4262 societatis
1708 4216 1777 4263 circa
1786 4227 1843 4262 cou-

1093 4287 1203 4338 tractus,
1217 4295 1344 4330 censuum
1362 4284 1552 4329 alienationem
1567 4283 1735 4340 aliorumque
1750 4285 1843 4342 praefi·

1093 4349 1159 4395 uivit
1173 4349 1291 4396 Pontifex
1306 4351 1376 4396 idem
1397 4351 1502 4396 constit.
1518 4351 1573 4396 alia
1585 4351 1649 4397 anui
1666 4353 1784 4397 eiusdem
1799 4364 1844 4398 au-

1092 4417 1163 4474 gusti
1181 4429 1227 4464 xn.
1237 4423 1264 4464 et
1278 4418 1424 4464 decembris
1435 4429 1481 4464 ιιι.
1494 4419 1615 4464 Persouis
1626 4419 1765 4466 societatis
1776 4423 1842 4476 lesu,

1093 4491 1123 4530 ut
1137 4496 1152 4530 a
1168 4496 1332 4543 quocumque
1348 4486 1481 4540 antistite,
1492 4486 1573 4532 etiam
1585 4491 1659 4532 extra
1671 4493 1799 4544 tempora,
1811 4489 1843 4533 de

1092 4552 1200 4598 licentia
1210 4564 1319 4598 suorum
1331 4554 1514 4610 praelatorum
1525 4554 1558 4598 ad
1568 4565 1657 4600 sacros
1668 4554 1774 4600 ordines
1787 4566 1840 4611 pro·

1093 4621 1191 4665 moveri
1206 4620 1315 4677 possint,
1330 4621 1485 4668 facultatem
1496 4621 1558 4666 fecit
1572 4621 1690 4666 Pontifex
1702 4623 1769 4666 idem
1785 4633 1843 4668 con-

1092 4685 1179 4731 stitut.
1194 4687 1248 4732 alia
1262 4689 1324 4732 aurii
1340 4687 1459 4732 eiusdem
1474 4693 1540 4744 sept.
1552 4699 1608 4734 xxv.
1625 4692 1743 4746 itemque
1758 4694 1842 4736 traus-

1092 4753 1171 4798 eundi
1186 4754 1218 4798 ad
1240 4763 1421 4810 quoscumque
1435 4754 1503 4800 alios
1524 4755 1635 4800 ordines
1656 4757 1794 4812 regulares
1811 4759 1842 4803 de

1091 4820 1200 4866 licentia
1215 4824 1304 4866 tamen
1328 4822 1471 4878 praepositi
1487 4823 1620 4878 generalis
1634 4825 1771 4870 corratitut.
1788 4826 1842 4872 alia

1091 4888 1153 4932 anni
1173 4888 1290 4934 eiusdem
1313 4893 1378 4945 sept.
1393 4899 1459 4934 xxrr.
1476 4889 1642 4945 institutum,
1660 4891 1799 4948 privilegia
1816 4897 1842 4938 et

1092 4956 1270 5013 exemptiones
1287 4955 1366 5000 huius
1381 4956 1529 5010 societatis,
1540 4957 1637 5002 additis
1653 4959 1787 5004 nouuullis
1801 4960 1843 5005 de-

1091 5021 1290 5076 clarationibus,
1305 5022 1472 5068 confirmavit
1488 5023 1604 5068 Pontifex
1619 5024 1687 5069 idem
1702 5026 1842 5072 constitut.

1090 5089 1152 5135 antri
1175 5101 1326 5136 auaxxxrn.
1342 5089 1405 5135 febr.
1421 5103 1438 5136 1.
1454 5091 1618 5136 Erectionem
1640 5091 1743 5147 collegii
1759 5095 1842 5140 Socie-

1091 5157 1156 5202 tatis
1171 5161 1229 5202 lesu
1245 5157 1328 5212 Rigas
1343 5156 1370 5200 iu
1393 5158 1514 5214 partibus
1534 5157 1655 5203 Poloniae
1673 5159 1842 5206 confirmavit

1092 5224 1207 5269 Pontifex
1224 5222 1293 5268 idern
1309 5227 1391 5268 const.
1406 5223 1469 5269 anui
1484 5235 1633 5270 uncxxxrv.
1647 5226 1736 5271 martii
1753 5239 1769 5272 ι.
1780 5229 1842 5272 con·

1091 5291 1246 5336 stitutioues
1261 5291 1364 5347 collegii
1383 5291 1531 5337 Germanici
1549 5293 1704 5349 approbarit
1723 5295 1841 5340 Pontifex

1092 5357 1160 5404 idem
1183 5362 1264 5404 coust.
1281 5359 1344 5404 anni
1358 5359 1476 5404 eiusdem
1498 5359 1592 5415 aprilis
1607 5371 1624 5404 1.
1640 5360 1796 5406 institutum
1814 5366 1841 5408 et

1091 5425 1294 5470 constitutiones
1309 5425 1390 5470 huius
1401 5425 1540 5470 societatis
1556 5427 1637 5471 tertio
1650 5430 1840 5484 approbantur,

1091 5501 1151 5536 cum
1167 5492 1329 5538 resolutione
1349 5492 1536 5538 nonnullorum
1557 5491 1699 5539 dubiorum
1719 5499 1745 5540 et
1763 5495 1841 5551 privi-

1091 5559 1220 5616 legiorum
1236 5557 1445 5613 confirmatione,
1457 5559 1490 5606 ab
1508 5561 1599 5606 eodem
1613 5561 1738 5608 Pontifics
1758 5566 1839 5608 consi.

1091 5627 1154 5671 anni
1170 5625 1288 5672 eiusdem
1305 5625 1367 5671 maii
1383 5637 1445 5672 xxv.
1464 5627 1629 5672 Erectionem
1646 5629 1750 5684 collegii
1766 5629 1793 5674 iu
1807 5629 1841 5674 ei·

1091 5693 1174 5739 vitate
1184 5692 1286 5749 iprensi
1300 5693 1457 5748 approbavit
1468 5695 1586 5739 Pontifex
1597 5695 1664 5739 idem
1679 5698 1760 5740 const.
1773 5697 1840 5743 eius·

1091 5755 1150 5806 dem
1166 5760 1272 5816 mensis,
1287 5760 1339 5805 diei
1354 5763 1380 5805 et
1395 5759 1466 5805 unul.
1476 5764 1595 5818 itemque
1608 5762 1720 5808 alterius
1736 5764 1840 5820 collegii

1091 5828 1118 5872 iu
1132 5828 1226 5885 oppido
1240 5826 1377 5880 Montensi,
1394 5827 1590 5874 carneracensis
1605 5829 1739 5884 dioecesis,
1756 5835 1839 5876 coust.

1091 5896 1146 5941 alia
1160 5895 1277 5944 eiusdem
1291 5895 1397 5946 mensis,
1408 5892 1457 5938 diei
1474 5897 1500 5940 et
1515 5895 1585 5940 anni.
1598 5898 1648 5940 blec
1662 5907 1713 5941 uon
1726 5897 1840 5944 alterius

1079 5963 1117 6008 iu
1133 5962 1242 6008 civitate
1257 5960 1396 6018 Brugeusi,
1413 5965 1495 6008 coust
1513 5962 1569 6008 alia
1584 5961 1647 6008 anui
1668 5964 1785 6009 eiusdem
1802 5963 1840 6010 iu-

1766 553 1822 615 tsr
1879 522 2056 612 murrea
2110 615 2112 620 ,
