4756 6994
334 581 428 637 31011.
443 579 509 635 tttt
569 579 624 643 100

547 715 677 780 fluxisse
700 725 888 790 noscuntur,
913 717 1003 780 cuius
1019 733 1110 778 causa
1126 717 1182 780 tibi
1198 733 1294 794 quam

548 811 686 873 maxime
707 811 865 873 sinceram
888 817 919 873 et
940 809 1134 888 singularem
1161 812 1293 888 gratiam

547 903 712 978 habentus,
736 911 830 982 atque
853 899 1032 983 plurimum
1052 903 1171 966 debere
1201 905 1295 983 profi-

548 1005 665 1060 temur.
688 998 780 1060 Nunc
801 997 908 1075 itaque
930 997 1041 1060 invicti
1062 997 1160 1059 animi
1182 998 1228 1060 tui
1243 1015 1294 1060 su-

548 1089 695 1151 blimitati
717 1107 774 1170 per
795 1097 981 1168 praesentes
996 1097 1120 1152 nostras
1131 1090 1239 1152 literas
1255 1093 1296 1153 si·

547 1183 747 1260 gnificamns,
772 1200 830 1245 nos
852 1183 964 1245 eadem
987 1190 1108 1253 mente,
1125 1199 1186 1261 qua
1201 1201 1295 1263 saepe

548 1275 690 1338 laudatus
712 1277 939 1358 praedecessor
961 1285 1082 1348 noster,
1104 1277 1295 1338 confirmare

548 1369 637 1430 omni
658 1385 698 1432 ex
720 1379 809 1448 parte
830 1370 1025 1447 legationem
1049 1370 1200 1448 praedicti
1219 1385 1293 1432 ven.

547 1461 653 1524 fratris
668 1463 866 1526 Patriarchae
882 1463 1101 1536 Alexandrini,
1118 1479 1213 1540 quem
1231 1463 1296 1525 exi-

548 1557 629 1618 miae
642 1559 759 1619 mentis
775 1564 847 1620 tuae
862 1557 1012 1635 aequitati
1028 1557 1217 1620 satisfecisse
1231 1557 1296 1618 exi-

547 1650 734 1712 stimamus:
759 1657 854 1728 atque
882 1651 961 1712 adeo
989 1656 1098 1713 ratam
1128 1650 1294 1720 habemus,

548 1743 698 1820 quicquid
721 1744 747 1804 is
769 1761 809 1806 ea
827 1744 1026 1824 praescripto
1052 1750 1110 1806 aet
1135 1743 1209 1823 epit,
1239 1748 1297 1805 cat

548 1843 683 1898 acturas
694 1841 750 1898 cst.
765 1837 892 1899 Etenim
906 1837 999 1898 etiam
1018 1854 1086 1908 nos,
1101 1838 1203 1900 donec
1215 1851 1297 1898 nova

548 1930 587 1990 de
609 1929 700 1992 nobis
727 1931 762 1991 ad
793 1945 867 1991 eum
902 1931 1106 2008 perferantur
1139 1931 1295 2002 mandata,

548 2023 773 2084 constituimus
803 2031 834 2086 et
862 2023 1059 2086 declaramus
1089 2032 1236 2087 nostrum
1254 2033 1298 2086 -et

549 2114 749 2194 hpostolicae
773 2115 863 2178 Sedis
892 2116 1046 2193 Legatum
1069 2119 1222 2180 eumdem
1245 2118 1296 2178 Pa·

550 2209 717 2271 triarcham
746 2210 785 2271 ad
813 2210 1031 2272 exercendum
1064 2227 1194 2282 munus,
1228 2211 1297 2274 eius

548 2302 731 2378 vigilantiae
767 2303 976 2364 commissum
1009 2321 1025 2364 a
1064 2304 1297 2381 gloriosissimo

548 2395 793 2473 praedecessore
815 2403 936 2457 nostro.
966 2396 1180 2470 Quamobrem
1201 2399 1296 2460 etiam

548 2499 643 2565 atque
665 2489 760 2550 etiam
778 2507 794 2548 3
812 2497 841 2552 te
856 2490 1007 2567 petimus,
1027 2497 1063 2552 ut
1077 2491 1222 2552 eamdem
1240 2492 1297 2570 ipsi

548 2583 645 2643 fldem
668 2581 828 2654 adhibeas,
861 2598 956 2659 quarn
989 2583 1080 2644 nobis
1113 2601 1220 2647 corant
1253 2587 1298 2648 lo-

549 2677 722 2754 quentibus
745 2677 925 2748 adhiberes,
950 2686 981 2740 et
1002 2693 1172 2756 supremae
1191 2687 1297 2742 aucto-

450 2837 454 2844 ,
549 2772 650 2834 ritatis
674 2779 746 2834 tuae
770 2771 944 2849 patrocinio
973 2772 1001 2833 ei
1031 2781 1157 2850 praesto
1187 2775 1240 2846 sis,
1264 2792 1298 2837 ac

549 2867 689 2943 benigne
712 2866 910 2943 suffrageris,
939 2865 994 2927 abi
1023 2882 1102 2944 opus
1129 2866 1238 2940 fuerit,
1265 2870 1297 2930 in

548 2961 598 3032 iis,
621 2975 701 3036 quae
717 2959 752 3020 acl
769 2959 989 3021 concreditum
1005 2959 1065 3020 sibi
1082 2961 1297 3024 ministerium
1325 2946 1327 2990 ἶ

549 3054 610 3115 3113
633 3053 819 3115 obeundum
842 3053 1017 3130 pertinent,
1048 3054 1210 3131 praeclaro
1240 3057 1299 3118 hoc

550 3147 630 3208 facto
653 3153 796 3208 nostram
819 3159 896 3222 erga
925 3153 956 3208 te
982 3147 1079 3207 animi
1112 3149 1298 3224 propensio-

549 3255 624 3302 nem
647 3240 863 3316 eximiamque
884 3240 1083 3302 voluntatem
1113 3241 1299 3304 arctissimis

549 3335 627 3396 adeo
649 3333 786 3394 vinculis
809 3333 1026 3410 obstringens,
1044 3340 1080 3395 ut
1094 3335 1221 3396 nulfum
1235 3353 1299 3398 ma·

550 3427 599 3489 ius
630 3441 775 3488 summae
804 3426 994 3488 clementiae
1029 3439 1124 3504 atque
1155 3429 1298 3490 excelsae

551 3521 756 3597 benignitatis
778 3528 850 3582 tuae
879 3521 1101 3584 testimonium
1130 3523 1299 3599 requirere

551 3615 726 3677 valeamus.
751 3614 862 3690 Neque
893 3621 999 3676 tamen
1032 3616 1210 3678 omittimus
1242 3618 1298 3678 im-

553 3724 652 3788 pense
686 3707 741 3768 tibi
779 3708 1007 3770 commendare
1043 3709 1298 3772 incolumitatem

552 3802 740 3864 christianae
762 3801 836 3864 fidei
858 3818 892 3862 ac
908 3801 988 3878 legis
1003 3811 1035 3864 et
1050 3803 1194 3865 eiusdem
1211 3819 1299 3881 prae-

552 3911 648 3958 cones
677 3895 895 3957 missionarlos
932 3905 1069 3970 nostros,
1101 3898 1209 3974 quiin
1238 3899 1299 3958 tuis

552 3989 744 4050 felicissimis
776 3989 951 4052 ditionibus
977 3991 1111 4068 degunt.
1139 3991 1298 4056 Consueta

500 4137 504 4153 ,
553 4089 604 4144 tua
627 4082 852 4146 benevolentia
867 4085 990 4162 respice
1003 4085 1035 4146 in
1052 4101 1118 4158 eos,
1138 4093 1299 4164 tamquam

551 4185 582 4244 in
613 4183 746 4262 pignora
777 4189 907 4243 mutuae
935 4189 1063 4242 nostrae
1091 4199 1125 4242 ac
1156 4182 1299 4244 sincerae

551 4277 725 4342 amicitiae:
752 4286 783 4339 et
804 4295 819 4338 a
835 4277 1000 4353 quibusvis
1018 4277 1174 4339 molestiis
1193 4279 1299 4340 exime

552 4373 711 4442 homines,
737 4369 893 4449 praesidio
923 4376 977 4431 tuo
1010 4371 1226 4448 dignissimos.
1257 4374 1299 4434 lle

552 4467 668 4544 quibus
691 4467 751 4527 hoc
777 4465 833 4526 tibi
864 4463 1006 4542 polliceri
1036 4481 1217 4542 possumus,
1247 4485 1300 4529 03-

553 4561 672 4621 minent
714 4559 770 4621 tibi
806 4559 986 4620 fideliorem
1023 4567 1055 4620 et
1092 4560 1298 4624 addictiorem

553 4653 632 4725 fore,
651 4662 769 4730 tuaque
784 4654 820 4715 ad
837 4653 987 4730 obsequia
1002 4667 1208 4731 quocumque
1222 4664 1300 4717 tem-

553 4761 630 4824 pore
653 4746 844 4825 paratiorem
877 4746 989 4808 iisdem
1019 4748 1186 4825 europaeis
1218 4750 1300 4810 chri-

552 4841 673 4914 stianis,
687 4847 782 4917 atque
794 4840 856 4902 illis
873 4840 1072 4918 praesertim,
1087 4841 1142 4919 qui
1157 4843 1193 4904 ad
1207 4859 1301 4905 evan·

554 4936 687 5013 gelicam
700 4935 869 4996 veritatem
885 4935 1138 4997 annunciandam
1155 4937 1194 4997 de
1210 4937 1301 4999 nobis

481 5067 483 5072 ·
555 5029 810 5107 proficiscuntur.
841 5029 905 5090 lloc
934 5029 1020 5088 30130
1044 5029 1246 5106 potissimum
1270 5039 1302 5092 et

553 5124 683 5202 abipsa,
700 5139 796 5200 quam
813 5122 1014 5200 profitentur,
1031 5122 1114 5199 lege,
1132 5131 1164 5185 et
1179 5142 1194 5184 a
1210 5125 1301 5187 nohis

554 5218 649 5278 etiam
671 5217 790 5278 diserte
816 5215 1083 5293 strictissimeque
1105 5217 1168 5278 illis
1197 5219 1301 5280 iniun-

555 5312 641 5389 gitur
672 5319 767 5387 atque
801 5311 978 5372 mandatur.
1012 5309 1101 5384 Quod
1133 5321 1298 5389 superest,
1328 5353 1331 5395 ι

1068 599 1132 643 ttth.
1158 600 1249 646 PONT.
1273 600 1313 644 DE
1336 601 1365 644 P.
1390 600 1419 644 E.
1444 599 1527 644 PARS
1544 599 1570 645 ¹1.

1352 725 1473 780 tecuae
1490 717 1609 794 gratiae
1623 719 1812 781 suavissimo
1828 735 1902 782 3033
1919 715 2099 797 perfundat,

1351 815 1508 888 quatenus
1532 826 1588 888 per
1610 811 1806 888 agnitionem
1822 813 1967 875 veritatis
1982 812 2019 873 ad
2032 815 2108 890 per!

1351 910 1480 982 petuam
1503 901 1688 967 felicitatem
1712 908 1892 984 pervenias.

1391 993 1505 1056 Datum
1527 993 1662 1068 Romae,
1686 998 1768 1074 apud
1795 997 1827 1060 S.
1852 998 1980 1061 llariam
2010 1000 2102 1062 11310-

1352 1103 1433 1158 rem,
1457 1087 1516 1150 sub
1538 1089 1657 1150 annulo
1680 1089 1856 1163 Piscatoris,
1881 1093 1932 1154 die
1954 1110 1989 1154 u.
2017 1100 2101 1156 octo-

1352 1180 1417 1242 bris
1440 1195 1609 1254 unccxxr.,
1635 1183 1835 1259 pontificatus
1857 1186 1957 1248 nostri
1979 1203 2099 1249 30003.

1610 1346 1850 1358 -—-—-—.

1710 1465 1746 1529 ll.

1355 1645 1552 1712 Grataletar
1581 1649 1731 1733 Episcopo
1756 1651 1918 1718 Meceeasi
1939 1654 2103 1718 deradito

1394 1741 1434 1804 cd
1462 1741 1637 1807 Ecclesiam
1657 1762 1714 1825 per
1738 1745 1967 1811 absolutionem
1991 1750 2103 1812 313113-

1391 1837 1610 1915 pensationem
1633 1855 1652 1900 a
1677 1839 1844 1904 Visitatore
1860 1841 2036 1922 Apostolicn
2053 1841 2103 1906 ab·

1394 1934 1526 1999 tentam,
1549 1948 1679 2009 eamque
1701 1933 1863 2004 hortetur,
1887 1941 1924 1996 at
1944 1937 1979 1998 ia
1999 1937 2104 2017 gregis

1392 2023 1444 2084 sai
1475 2025 1597 2086 cattam
1626 2031 1655 2086 et
1680 2026 1846 2107 refigionis
1872 2028 2103 2091 incrementum

1394 2117 1548 2178 alacriter
1569 2117 1717 2181 iateadct
1737 2118 1793 2198 (l).

1355 2300 1526 2370 Venerabili
1542 2303 1630 2370 fratri
1649 2304 1749 2372 loanni
1766 2305 1919 2390 Episcopo
1936 2307 2102 2390 llacaensi,

1507 2487 1762 2558 tttttocfitttttts
1791 2493 1851 2560 ΡΡ.
1877 2493 1947 2562 ΧΙΙΙ.

1569 2675 1759 2746 Venerabilis
1781 2679 1889 2760 trater,

1387 2769 1516 2836 salutern
1539 2776 1571 2836 et
1592 2771 1790 2854 apostolicam
1818 2775 2069 2846 benedictionem.

1394 2957 1498 3020 Lectis
1530 2958 1737 3022 fraternitatis
1771 2969 1842 3025 tuae
1875 2963 1993 3038 literis,
2028 2983 2104 3045 quas

1354 3066 1429 3112 ven.
1453 3050 1551 3113 frater
1572 3052 1704 3114 Carolus
1721 3053 1910 3118 Ambrosius
1926 3059 2102 3122 Patriarcha

1355 3142 1591 3223 Alexandrinus
1614 3143 1646 3208 S.
1672 3147 1767 3209 huius
1790 3147 1880 3212 Sedis
1903 3151 2039 3230 Legatus
2066 3156 2102 3218 ad

1355 3236 1409 3298 fel.
1434 3253 1497 3299 rec.
1522 3237 1723 3302 Clementem
1748 3241 1798 3304 lli.
1824 3247 2103 3320 praedecessorem

1356 3336 1500 3392 nostrum
1524 3331 1685 3395 direxerat
1707 3351 1769 3396 una
1790 3352 1863 3398 cum
1878 3338 1998 3416 insigni
2018 3343 2105 3403 testi-

1356 3423 1465 3484 monio
1478 3425 1690 3502 optatissimae
1704 3429 1939 3508 resipiscentiae
1952 3441 2035 3506 tuae,
2049 3437 2105 3497 mi-

1355 3532 1428 3578 rum
1441 3517 1473 3578 in
1487 3519 1618 3579 modurn
1632 3519 1736 3582 laetati
1750 3539 1874 3597 sumus,
1884 3526 2105 3605 intelligentes

1356 3617 1398 3682 te,
1411 3611 1625 3673 admissorum
1638 3629 1829 3678 excessuum
1846 3619 1957 3682 dolore
1974 3628 2102 3696 tactum,

1356 3719 1420 3764 000
1442 3703 1547 3765 301030
1576 3715 1663 3767 33313
1692 3710 1907 3784 poenitentiae
1932 3715 2022 3791 signa
2051 3719 2104 3780 dc-

1356 3797 1440 3858 disse
1461 3813 1568 3858 coram
1591 3799 1704 3860 eodem
1730 3801 1858 3878 Legato,
1877 3811 2103 3870 verumetiam

1355 3890 1393 3950 ab
1415 3906 1453 3950 eo
1477 3891 1643 3952 humiliter
1666 3895 1853 3970 postulasse,
1872 3907 1904 3960 ut
1920 3901 1958 3962 30
1978 3919 2104 3966 excom·

1357 3985 1579 4046 municationis
1602 3987 1634 4047 in
1658 3997 1687 4049 te
1704 3990 1763 4052 lata
1778 3995 1936 4055 sententia
1952 4003 1982 4057 te
2003 3999 2105 4060 absol-

1355 4085 1459 4150 veret,
1484 4085 1516 4140 et
1536 4096 1635 4158 super
1657 4081 1904 4160 irregularitate,
1922 4103 2016 4165 quam
2033 4107 2105 4169 pro-

1357 4179 1427 4250 pter
1442 4189 1607 4237 sacrorum
1624 4179 1814 4241 exercitium
1831 4182 1862 4242 in
1879 4199 1917 4245 30
1932 4191 2015 4246 statu
2032 4203 2104 4247 cou-

1357 4274 1510 4342 traxeras‚
1536 4277 1642 4332 tecum
1665 4272 1875 4350 dispensaret,
1899 4293 1994 4354 quam
2016 4279 2105 4342 abso·

1357 4365 1514 4428 lutionem
1531 4373 1563 4427 et
1575 4365 1844 4444 dispensationem
1860 4370 1914 4432 1113
1932 4371 1987 4433 tibi
2003 4377 2105 4450 ponti-

1357 4459 1428 4520 ficio
1446 4457 1576 4520 nornine
1595 4460 1850 4522 misericorditer
1864 4463 2025 4541 impertiri
2041 4484 2105 4529 non

1357 4553 1524 4614 dubitavit.
1549 4553 1661 4615 hatum
1685 4553 1819 4632 proinde
1843 4557 1996 4620 habentes
2017 4561 2105 4636 quid-

1356 4647 1431 4724 quid
1455 4647 1486 4708 10
1509 4647 1678 4720 3003101133
1699 4649 1886 4712 auctoritate
1909 4659 2013 4716 tecum
2037 4671 2105 4731 ges-

1356 4741 1434 4802 sisse
1457 4741 1630 4813 nunciavit,
1655 4747 1786 4819 0313300
1814 4745 1922 4807 animo
1952 4748 2007 4809 tibi
2037 4765 2105 4826 gra-

1358 4835 1510 4906 tulamur,
1534 4841 1566 4896 et
1588 4835 1881 4900 misericordiarum
1904 4839 1986 4902 Patri
2003 4842 2106 4903 hurni-

1357 4929 1431 4991 liter
1454 4928 1569 5005 gratias
1591 4928 1727 5005 agimus,
1751 4931 1805 5006 qui
1830 4933 1884 4994 tibi
1907 4935 1994 4996 dedit
2012 4952 2105 4998 excu-

1359 5029 1426 5084 tere
1448 5023 1599 5100 laqueum
1631 5022 1796 5083 divisionis
1828 5039 1892 5101 quo
1926 5027 2102 5089 tenebaris:

1358 5133 1463 5194 neque
1492 5117 1696 5194 ambigimus
1720 5118 1809 5194 quin,
1835 5121 1988 5182 memoria
2016 5139 2105 5200 repe·

1359 5221 1427 5274 tens
1463 5211 1548 5273 illam
1581 5211 1746 5288 angustiae
1780 5221 1875 5288 atque
1910 5215 2106 5278 acerbissimi

1358 5307 1462 5369 luctus
1484 5305 1611 5384 plenam
1634 5305 1862 5380 conditionem,
1880 5325 1945 5370 non
1960 5309 2106 5372 didiceris

554 5407 809 5484 omnipotentem
842 5401 942 5464 Deum
970 5403 1102 5466 assiduis
1135 5406 1301 5482 enixisque
1328 5404 1331 5490 1
1358 5402 1594 5480 experimento,
1608 5417 1695 5472 enm,
1713 5402 1767 5480 qui
1783 5403 1949 5466 uobiscum
1965 5421 2029 5466 000
2045 5405 2107 5467 col·

555 5500 703 5578 precibus
732 5513 895 5575 rogamus,
925 5503 961 5558 ut
989 5497 1174 5560 diuturnam
1204 5499 1301 5560 vitam

554 5611 588 5656 ac
616 5593 800 5671 sospitatem
830 5592 1056 5666 bonorumque
1084 5593 1230 5653 omnium
1256 5592 1301 5652 in-

555 5695 718 5750 crementa
748 5687 821 5756 tibi,
851 5685 986 5748 illustris
1018 5701 1052 5746 ac
1081 5685 1303 5763 potentissime

554 5782 742 5860 Imperator,
756 5781 856 5842 effuse
868 5778 1035 5854 largiatur:
1052 5779 1085 5840 in
1099 5779 1210 5856 primis
1224 5793 1303 5840 vero

1358 5498 1439 5574 figit,
1463 5496 1661 5574 dispergere.
1685 5495 1842 5572 Equidem
1865 5498 1959 5559 sicuti
1980 5498 2106 5560 nullum
2131 5549 2134 5556 .

1359 5589 1460 5651 maius
1483 5589 1620 5650 laetitiae
1642 5597 1870 5666 argumentum
1894 5591 1986 5652 nobis
2012 5593 2107 5654 obve-

1360 5685 1430 5746 nire
1453 5690 1568 5762 potest,
1592 5699 1687 5761 quam
1711 5699 1816 5750 orem.
1845 5699 1927 5761 quae
1956 5685 2105 5763 perierat,

1360 5779 1519 5850 invenire,
1545 5793 1680 5854 eamque
1702 5779 1908 5840 adsalutaria
1933 5779 2045 5856 pabula
2060 5781 2107 5842 ul·

596 5999 624 6054 11)
642 6001 676 6042 Ex
693 6000 754 6052 Reg.
773 5996 853 6040 vatic.
871 5994 951 6052 Epist.
966 5994 998 6039 nd
1014 5993 1095 6050 princ.
1112 5994 1181 6038 viros
1196 5996 1222 6038 et
1237 5993 1304 6038 alios
1319 6003 1360 6038 en.
1377 6005 1403 6048 1.,
1419 5993 1460 6038 fol.
1474 5995 1506 6037 aa.

2138 574 2191 632 An.
2204 576 2230 632 d.
2246 576 2315 632 ital
