4836 7002
320 523 372 579 An.
386 522 413 578 C.
429 523 498 580 itta
555 525 613 589 168

534 668 567 722 et
587 661 684 724 iudex
712 663 774 724 iam
798 663 974 726 victoribus
996 665 1135 742 praemia
1157 662 1282 740 dispen-

532 759 589 815 sat.
613 754 731 817 levate
753 756 853 834 capita
874 762 996 831 vestra3
1021 771 1093 819 ecce
1116 753 1282 834 appropin-

533 855 610 926 quat
630 849 810 928 redemptio
831 857 950 912 vestra.
978 849 1102 913 Bonum
1125 856 1173 912 est
1194 863 1283 926 prae-

532 943 643 1006 stolari
665 961 738 1006 oum
761 945 912 1023 patientia
933 945 1072 1008 salutare
1094 943 1161 1006 Dei.

572 1037 635 1099 Nos
657 1039 790 1111 interea,
807 1039 1011 1102 uenerabiles
1033 1039 1158 1110 fratres,
1176 1038 1282 1100 dilecti

534 1131 607 1198 filii.
632 1139 789 1210 ponentes
817 1132 929 1196 faciem
953 1141 1094 1196 nostram
1116 1133 1153 1194 ad
1180 1133 1283 1192 Pasto-

533 1241 604 1286 rum
629 1225 821 1305 Principem,
845 1227 935 1288 cuius
958 1227 1045 1289 vices
1061 1227 1094 1288 in
1115 1226 1210 1288 terris
1225 1225 1282 1286 im-

533 1329 697 1382 merentes
719 1321 881 1397 gerimus.
905 1336 1058 1398 rcgamus
1080 1327 1112 1382 et
1134 1321 1283 1399 depreca-

532 1429 618 1486 mur,
640 1420 677 1476 ut
708 1414 818 1476 visitet
841 1413 970 1476 vineam
1002 1415 1092 1476 istam
1119 1414 1280 1478 fundatam

531 1509 663 1570 dextera
685 1525 753 1580 sua,
767 1515 799 1570 et
814 1507 919 1571 mittat
933 1508 1089 1584 auxilium
1106 1509 1145 1570 de
1160 1517 1280 1580 sancto,

532 1603 624 1664 etde
646 1603 778 1664 coelesti
806 1601 883 1666 Sion
912 1608 1039 1665 tueatur
1065 1619 1134 1665 eam
1158 1603 1190 1664 in
1212 1619 1283 1682 per-

531 1703 677 1776 petuum.
702 1697 791 1760 Felix
813 1697 953 1775 denique
976 1704 1128 1760 votorum
1145 1704 1178 1760 et
1193 1699 1283 1761 obse-

505 1830 509 1840 ·
531 1792 711 1855 orationum
734 1800 919 1855 nostrarum
941 1793 1118 1872 auspicium
1135 1803 1168 1856 et
1184 1794 1283 1857 tribu-

530 1885 687 1948 lationum
711 1893 894 1948 vestrarum
917 1885 1066 1948 levamen
1082 1903 1116 1949 ao
1131 1886 1281 1949 solatium

531 1989 563 2042 et
584 1981 775 2058 apostolicae
804 1981 1029 2058 studiosusque
1057 1981 1196 2044 caritatis
1224 1999 1282 2045 nos

531 2075 648 2152 pignus
670 2091 741 2136 esse
762 2075 911 2153 cupimus
932 2075 1135 2154 apostolicam
1153 2076 1282 2138 benedi-

530 2169 683 2238 ctionem,
700 2183 795 2246 quarn
812 2184 851 2230 ex
875 2169 989 2230 intimo
1010 2169 1107 2230 corde
1134 2170 1282 2249 deprom-

531 2269 634 2341 ptam,
658 2261 767 2330 vobis,
792 2261 994 2324 venerabiles
1016 2261 1149 2334 fratres,
1174 2263 1282 2326 dilecti

457 2424 458 2428 ,
530 2355 599 2430 filii,
622 2356 841 2434 impertimur.

315 3957 490 4004 Prooemium.

352 5175 455 5218 Petitio.

571 2450 684 2512 Datum
707 2451 836 2523 Rornae,
865 2451 945 2528 apud
974 2449 1005 2512 S.
1031 2450 1160 2512 Mariam
1190 2451 1283 2513 lfaio·

531 2560 611 2616 rem,
635 2544 694 2606 sub
716 2545 835 2606 annulo
857 2543 1034 2614 Piscatoris,
1059 2544 1110 2606 die
1133 2560 1221 2606 xxiv.
1238 2545 1282 2608 fe·

532 2637 650 2698 bruarii
667 2653 879 2708 urrccxcvru„
897 2637 1009 2716 pontif.
1028 2638 1129 2698 nostri
1145 2655 1195 2700 an.
1210 2655 1279 2702 vrri.

873 2923 938 2987 llll.

529 3105 754 3170 Sacerdotibus
775 3108 1045 3197 cornmorontt'bus
1067 3112 1101 3174 in
1123 3113 1231 3192 regnis
1253 3120 1282 3174 et

569 3199 720 3263 dominiis
735 3217 846 3284 repam
862 3203 1096 3283 Hispaniarum
1116 3209 1146 3264 ct
1167 3203 1282 3268 Portu-

573 3300 691 3382 qofliuc
723 3297 882 3366 concedit,
914 3297 1012 3360 tosto
1038 3297 1183 3367 madiam,
1219 3305 1282 3360 trcs

568 3396 683 3458 missos
705 3391 862 3456 celebrare
883 3391 918 3452 in
940 3390 990 3452 dic
1012 3393 1281 3454 commemoratio-

570 3490 621 3552 nis
643 3487 787 3550 omnium
812 3484 952 3567 fidolium
974 3483 1201 3564 defunctorum
1222 3483 1278 3563 (1).

690 3651 1021 3722 beneolentem.
1046 3653 1118 3720 lllll.

650 3780 686 3848 ad
709 3783 883 3864 perpetuam
909 3775 952 3843 roi
975 3775 1158 3842 memoriam.

570 3957 671 4032 Quod,
688 3953 837 4034 expensis
860 3953 1006 4016 omnium
1029 3951 1191 4013 rationum
1214 3967 1279 4014 mo-

1055 546 1121 592 lblt.
1144 544 1237 590 PONT.
1260 543 1301 588 ult
1323 543 1354 589 P.
1377 543 1407 589 P.
1431 545 1515 590 PARS
1537 545 1559 590 1.

1339 675 1397 722 rex
1407 661 1591 734 catholicus,
1602 663 1729 726 enixam
1741 665 1890 744 piamque
1900 668 2088 744 petitionem

1339 754 1486 816 exbiberi
1508 755 1646 828 fecisset,
1661 764 1696 818 ut
1717 773 1798 834 quae
1820 759 1984 838 disciplina
2001 761 2090 837 viget

1339 846 1371 908 in
1393 863 1469 910 suae
1490 847 1669 925 Aragouiae
1698 867 1801 928 reguo
1828 851 1932 932 (cuius
1953 856 2089 934 appella-

1322 943 1427 1006 tione
1451 951 1519 1006 tum
1546 943 1612 1022 ipsa
1634 942 1793 1020 aragonia
1822 955 1890 1010 tum
1920 949 2015 1011 etiam
2039 965 2089 1012 va-

1340 1036 1468 1109 lentiae,
1492 1036 1678 1102 Cataloniae
1694 1045 1726 1100 et
1755 1039 1919 1104 llfaioricae
1950 1043 2088 1108 ditiones

1340 1129 1685 1211 comprehenduntur),
1702 1138 1739 1195 ut
1753 1134 1874 1197 scilicet
1889 1136 1921 1198 in
1936 1137 1988 1199 die
2003 1153 2087 1200 com-

1340 1224 1582 1286 memorationis
1604 1225 1749 1288 omnium
1763 1227 1907 1291 fidelium
1924 1230 2087 1294 defuncto-

1339 1331 1411 1378 rum
1445 1317 1582 1394 quilibet
1613 1320 1759 1382 sacerdos
1791 1323 1961 1386 saecularis
1994 1326 2086 1400 duas,

1340 1410 1498 1488 regularis
1534 1419 1639 1474 autem
1675 1419 1751 1486 tres,
1785 1416 1896 1478 missas
1925 1419 2088 1483 celebrare

1339 1504 1455 1582 possit,
1490 1505 1601 1568 eadem
1631 1507 1668 1568 ad
1696 1515 1803 1570 cetera
1832 1525 1961 1589 quoque
1989 1530 2088 1592 regna

1340 1604 1372 1659 et
1392 1597 1532 1660 dominia
1554 1599 1659 1663 eidem
1681 1601 1882 1667 Perdinaudo
1898 1607 1967 1684 regi
1983 1609 2089 1671 subie-

1339 1701 1398 1766 cta,
1411 1693 1598 1756 auctoritate
1610 1701 1719 1757 nostra
1734 1699 1982 1776 extenderetur3
2002 1719 2088 1766 cum-

1339 1802 1402 1864 que
1419 1788 1532 1850 eodem
1547 1788 1614 1850 fere
1631 1795 1777 1868 tempore
1790 1793 1995 1858 charissimus
2011 1812 2088 1875 quo·

1339 1884 1457 1959 quein
1479 1883 1607 1946 cbristo
1629 1883 1714 1946 filius
1747 1893 1858 1949 noster
1879 1889 2012 1954 loannes
2034 1892 2085 1965 v..

1339 1976 1553 2056 Portugalliae
1569 1986 1601 2040 et
1622 1978 1850 2056 nigarbiorum
1865 1998 1923 2045 rex
1939 1984 2085 2058 illustris,

1338 2071 1476 2133 similem
1501 2071 1683 2134 instantiam
1705 2075 1786 2152 apud
1815 2091 1873 2138 nos
1903 2083 2087 2156 promoveri

1339 2165 1477 2236 iecisset,
1494 2174 1530 2228 ut
1551 2181 1669 2244 nempe
1691 2167 1724 2228 in
1747 2169 1897 2232 omuibus
1920 2175 2029 2250 regnis
2044 2183 2087 2238 at-

1338 2275 1401 2336 que
1424 2259 1574 2322 dominiis
1589 2260 1648 2322 sibi
1665 2261 1817 2324 subiectis
1832 2264 1966 2328 cuilibet
1986 2285 2087 2332 sacer-

1339 2353 1415 2426 doti,
1430 2359 1493 2414 tam
1510 2353 1663 2416 saeculari
1678 2369 1774 2431 quam
1791 2357 1944 2434 regulari,
1958 2360 2088 2426 facultas

1338 2461 1395 2523 per
1425 2463 1483 2509 uos
1512 2447 1605 2509 fleret
1635 2454 1699 2509 tres
1727 2451 1838 2512 missas
1867 2454 2007 2530 praefato
2036 2457 2086 2518 die

1338 2540 1541 2603 celebrandi:
1567 2559 1625 2604 nos
1647 2543 1777 2620 quidem
1803 2546 1987 2611 huiusmodi
2009 2551 2087 2628 peti-

1325 2633 1463 2696 tionum
1476 2637 1665 2712 gravitatem
1681 2647 1863 2715 pensantes,
1876 2659 1910 2704 ac
1925 2657 2086 2706 memores

1337 2727 1491 2790 similium
1515 2731 1777 2808 postulationum,
1790 2747 1872 2810 quae
1893 2735 1962 2798 aliis
1976 2738 2087 2800 Roma·

1338 2823 1387 2886 nis
1409 2823 1625 2897 Pontificibus,
1640 2827 1940 2904 praedecessoribus
1956 2835 2085 2904 nostris,

1338 2934 1450 2996 parum
1473 2917 1556 2981 felici
1580 2919 1668 2981 exitu
1692 2920 1852 2984 exhibitae
1872 2921 2016 2998 fuerunt,
2033 2942 2087 2988 ne-

1338 3013 1510 3076 cessarium
1543 3014 1674 3076 omniuo
1703 3015 1886 3093 putavimus
1914 3025 2011 3080 totam
2041 3021 2088 3082 rei

1336 3123 1496 3169 summam
1509 3115 1635 3170 maturo
1646 3109 1785 3171 examini
1796 3110 1966 3174 subiicere:
1980 3127 2088 3192 quam·

1337 3201 1385 3262 vis
1409 3202 1542 3263 minime
1571 3202 1713 3280 hospites
1742 3203 1774 3264 in
1797 3219 1832 3265 ea
1859 3221 1917 3267 nos
1938 3215 2089 3285 reputare

1338 3309 1521 3372 possemus3
1538 3295 1698 3373 siquidem
1712 3295 1787 3358 olim
1803 3297 1902 3374 ipsius
1917 3303 2087 3374 momenti,

1338 3404 1395 3466 pro
1418 3389 1532 3460 officio,
1549 3390 1634 3466 quod
1659 3397 1733 3452 tunc
1756 3391 1960 3466 gerebamus,
1984 3409 2089 3456 secre-

1337 3484 1408 3546 tarii
1430 3484 1691 3562 congregationis
1708 3483 1839 3547 Sanctae
1854 3486 2014 3549 Romanae
2033 3489 2089 3550 Eo·

1337 3577 1452 3640 clesiae
1488 3576 1704 3640 Cardinalium
1740 3578 1874 3642 concilii
1909 3580 2088 3644 Tridentini

1337 3673 1521 3736 executioni
1543 3679 1575 3734 et
1596 3673 1855 3750 interpretationi
1878 3676 2087 3753 praepositae,

1337 3767 1513 3844 diligenter
1524 3765 1615 3828 uobis
1627 3767 1817 3844 exponenda
1833 3767 1984 3845 fuerunt;
2000 3786 2088 3832 cum-

1337 3877 1400 3938 que
1422 3860 1518 3923 etiam
1546 3860 1602 3922 bac
1624 3861 1663 3923 de
1686 3875 1721 3922 rc
1743 3861 1835 3939 plura
1863 3863 2088 3941 scripserimus

1336 3955 1368 4017 iu
1391 3961 1502 4017 nostro
1525 3969 1623 4033 opere
1638 3953 1675 4016 dc
1688 3954 1790 4017 Fertis
1806 3955 1945 4026 Domini,
1960 3963 2046 4036 port.
2062 3959 2086 4020 l.

530 4052 649 4116 mentis
670 4057 703 4112 et
724 4047 923 4126 gravissimis
945 4045 1107 4122 suffragiis
1131 4045 1277 4108 virorum
1333 4066 1408 4130 pap.
1432 4049 1520 4118 247,
1544 4047 1621 4110 item
1650 4049 1838 4110 intractato
1865 4049 1902 4111 de
1924 4049 2088 4131 Sacrificio

530 4145 701 4222 dignitate,
726 4142 842 4220 pietate
864 4157 898 4202 ac
918 4139 1072 4218 sapientia
1101 4139 1277 4217 insignium

529 4236 816 4308 concurrentibus,
846 4235 920 4297 alias
947 4253 963 4296 a
992 4234 1084 4296 nobis
1112 4232 1277 4296 decretum

529 4339 589 4402 est,
613 4330 655 4402 id,
677 4335 714 4390 ut
734 4327 986 4391 solemnioribus
1009 4326 1202 4406 apostolicae
1227 4343 1280 4389 au-

529 4423 683 4486 ctoritatis
715 4429 843 4484 nostrae
875 4421 1077 4484 documentis
1111 4422 1279 4484 coufirma-

530 4525 611 4590 tum,
628 4515 902 4594 quemadmodum
925 4523 974 4576 est
995 4515 1055 4578 boc
1070 4516 1101 4576 in
1119 4531 1210 4578 more
1226 4531 1279 4593 po-

529 4611 626 4673 situm
659 4609 873 4687 laudabilique
908 4607 1191 4686 praedecessorum
1224 4625 1279 4671 uo-

529 4713 684 4776 strorum,
707 4704 926 4766 Romanorum
956 4702 1165 4776 Pontificum,
1189 4704 1278 4764 insti-

530 4807 598 4862 tuto
628 4798 908 4868 commendatum,
934 4795 1045 4857 maiori
1073 4813 1146 4858 cum
1170 4797 1278 4858 obser·

528 4892 633 4954 vantia
649 4891 774 4954 debitae
794 4889 979 4951 executioni
994 4889 1176 4962 mandetur,
1193 4904 1278 4952 novo

528 4985 718 5065 apostolicae
747 4983 1000 5046 confirmationis
1024 4988 1152 5044 nostrae
1176 4991 1278 5060 patro-

527 5080 612 5142 cinio
633 5077 837 5140 communire
860 5083 1061 5154 exoptamus.

568 5173 638 5250 gl.
667 5171 749 5234 Saue
779 5187 885 5250 nuper
917 5170 1078 5232 edidimus
1110 5170 1275 5232 decretum

530 5267 650 5328 tenoris
671 5265 875 5342 sequeutisz'

683 5449 932 5515 BENEDIGTUS
959 5449 1124 5512 PP.X1V.

569 5639 682 5702 «Cum
705 5640 795 5702 nobis
817 5638 1025 5702 charissimus
1046 5639 1079 5699 in
1098 5637 1226 5700 Christo
1242 5637 1277 5699 fi-

528 5735 590 5797 lius
612 5740 724 5796 noster
738 5733 958 5795 Perdinaudus
973 5731 1038 5804 lll.,
1056 5731 1276 5809 llispaniarum

569 5949 599 6004 (l)
615 5951 651 5992 ldx
666 5949 720 5993 Bul.
737 5947 870 6005 coqueliu.
885 5950 947 5993 tom.
964 5949 1003 6002 ll.‚
1017 5951 1100 5990 coust.
1115 5948 1148 5988 dl.

1336 4141 1469 4210 Missae,
1492 4145 1566 4203 sect.
1591 4144 1625 4211 2,
1647 4157 1720 4222 pop.
1749 4144 1816 4203 169
1849 4142 1951 4222 (iuxta
1977 4143 2088 4205 editio-

1336 4251 1411 4299 nem
1434 4234 1642 4314 Patauinum),
1659 4241 1692 4296 et
1714 4236 1745 4296 iu
1768 4251 1830 4298 una
1853 4252 1892 4298 ex
1915 4236 2088 4298 institutio-

2127 533 2179 591 An.
2193 533 2222 588 C.
2242 526 2329 586 {748

1336 4329 1430 4391 nibus
1452 4327 1665 4406 pastoralibus
1687 4343 1745 4406 pro
1768 4333 1877 4390 nostro
1893 4329 2088 4391 Bononiensi
2165 4349 2168 4360 ·

1335 4422 1423 4484 clero
1446 4421 1631 4501 populoque
1660 4421 1769 4491 editis,
1793 4435 1875 4499 quae
1904 4429 1953 4484 est
1974 4438 2084 4484 xxxvi.

1335 4517 1368 4578 in
1390 4517 1485 4581 latina
1500 4515 1652 4578 versione
1668 4515 1785 4578 Romae
1800 4517 1966 4594 impressa,
1982 4533 2010 4594 p.
2030 4515 2087 4576 185

1336 4617 1367 4672 et
1390 4608 1464 4682 186,
1488 4627 1522 4671 ac
1544 4610 1675 4672 demum
1698 4609 1731 4670 in
1764 4609 1882 4670 nostris
1911 4607 2027 4672 litteris
2048 4611 2085 4671 ad

1336 4701 1529 4779 Episcopum
1545 4699 1728 4772 Oscensem,
1743 4700 1821 4761 datis
1838 4700 1889 4762 die
1901 4717 1967 4761 xvr.
1981 4701 2086 4761 martii

1335 4794 1409 4856 anni
1435 4811 1601 4866 nuccuvu,
1629 4809 1721 4870 quae,
1752 4793 1813 4854 iam
1843 4793 1980 4860 seorsim
2004 4793 2087 4870 typis

1335 4887 1495 4964 vulgatae,
1519 4887 1552 4948 in
1574 4886 1703 4949 Bullarii
1726 4887 1828 4948 nostri
1852 4894 1928 4948 tom.
1946 4885 1996 4957 ll.,
2014 4901 2086 4963 pro-

1336 4981 1461 5059 pediem
1484 4980 1609 5043 edendo
1632 4979 1737 5042 locum
1761 4981 1936 5043 habebunt.

1374 5073 1489 5138 <Sane
1512 5089 1612 5150 quum
1635 5089 1693 5136 nos
1715 5075 1748 5136 in
1771 5073 1950 5136 minoribus
1970 5074 2086 5136 consti·

1336 5169 1407 5241 tuti,
1431 5169 1589 5246 praefatae
1611 5166 1862 5246 Congregationi
1883 5167 2028 5240 Consilii,
2050 5175 2087 5230 ut

1334 5277 1430 5340 supra
1452 5261 1603 5333 diximus,
1627 5277 1643 5322 a
1665 5262 1796 5322 secretis
1819 5277 1977 5334 essemus,
2001 5261 2085 5323 obla-

1335 5361 1452 5433 tusque
1474 5354 1585 5416 fuisset
1606 5355 1743 5434 supplex
1758 5355 1898 5428 libellus,
1915 5357 1948 5418 in
1965 5371 2028 5433 quo
2044 5371 2084 5418 ex

1335 5456 1423 5527 parte
1445 5449 1484 5510 cl.
1511 5463 1608 5510 mem.
1632 5448 1768 5528 Philippi
1791 5448 1843 5520 1.,
1860 5449 2082 5528 Hispaniarum

1334 5543 1438 5620 regis,
1462 5543 1600 5620 idipsum
1632 5541 1865 5604 studiosissime
1896 5541 2081 5620 petebatur,

1334 5638 1418 5714 quod
1441 5652 1526 5698 nunc
1548 5653 1564 5696 a
1585 5635 1785 5698 Perdinando
1808 5651 1898 5712 rege,
1922 5636 2020 5713 ipsius
2049 5636 2083 5695 fl·

1334 5729 1388 5800 lio,
1411 5729 1531 5792 iterum
1553 5727 1686 5808 petitur,
1703 5728 1795 5791 officii
1819 5729 1921 5790 nostri
1942 5745 2012 5788 esse
2027 5745 2083 5806 pu-
