4756 6994
313 558 365 617 Au.
379 559 408 616 C.
422 559 490 616 idol
550 560 606 622 132
2125 559 2178 616 An.
2192 559 2221 618 d.
2236 561 2308 617 ital

1049 576 1115 622 tuh.
1139 577 1232 622 PONT.
1256 577 1296 622 bn
1318 577 1348 622 Ρ.
1372 577 1403 622 F.
1426 577 1510 622 Petis
1531 577 1553 623 l.

527 695 799 774 appropriaretur,
824 700 857 757 et
877 694 1087 774 applicatione
1116 700 1149 755 et
1168 709 1280 772 appro-
1337 702 1434 771 petuo
1466 694 1676 776 applicamus,
1709 693 1950 772 appropriamus
1980 699 2013 755 et
2040 693 2088 756 in·

527 789 686 866 priatione
700 803 717 848 a
733 788 836 860 nobis,
850 795 886 850 ut
901 787 993 860 inira,
1013 787 1176 856 iaciendis,
1192 787 1280 847 omni
1336 802 1554 865 corporamus.
1589 785 1629 850 Ut
1657 793 1764 850 autem
1794 785 1969 864 collegium
1999 802 2088 866 prae-

528 881 641 944 modo:
674 881 819 943 eiusdem
842 881 971 958 collegii
992 879 1146 956 illiusque
1168 879 1280 940 iuven·
1336 881 1457 944 dictum
1479 883 1512 944 in
1534 883 1648 944 annuis
1677 897 1775 960 super
1805 882 1986 959 primaevae
2016 882 2087 945 lun-

527 974 606 1036 tutis
627 973 702 1036 satis
723 973 863 1050 satisque
885 973 1069 1036 consultum
1093 972 1177 1034 loret
1195 987 1280 1034 com·
1336 975 1472 1038 dationis
1494 994 1509 1037 a
1532 976 1635 1046 nobis,
1652 982 1689 1038 ut
1704 975 1898 1054 praefertur,
1915 976 2087 1053 adsignatis

529 1067 643 1129 modo:
672 1082 742 1139 nos,
765 1066 876 1143 igitur,
901 1065 955 1144 qui
977 1064 1151 1142 collegium
1174 1063 1279 1142 primo
1336 1068 1492 1130 reditibus
1515 1084 1691 1146 congruam
1714 1067 1774 1130 sihi
1802 1083 1998 1146 semperque
2020 1085 2088 1131 cer·

527 1159 667 1230 dictum,
698 1160 865 1236 desumpta
897 1159 956 1220 sihi
986 1177 1001 1219 ι
1024 1157 1142 1220 iamilia
1170 1164 1279 1220 nostra
1337 1169 1400 1222 tam
1422 1161 1565 1224 inveniat
1586 1161 1895 1233 substentationem,
1919 1169 1952 1223 et
1978 1179 2018 1225 ne
2047 1162 2087 1224 ob

527 1253 776 1332 nuncupatione,
789 1252 990 1329 iuvenesque
1001 1243 1179 1330 praedictos
1191 1266 1280 1330 prae·
1336 1271 1400 1317 non
1416 1255 1528 1318 iactam
1544 1257 1576 1318 in
1592 1256 1708 1318 nostris
1724 1253 1840 1318 litteris
1862 1256 2032 1334 praedictis
2048 1257 2087 1320 de

527 1347 618 1423 cipue
641 1345 765 1423 paterni
787 1345 889 1407 nostri
911 1343 1029 1406 amoris
1051 1343 1279 1422 prosequimur
1336 1356 1416 1420 taxa,
1434 1349 1470 1411 ad
1492 1364 1586 1426 quam
1611 1351 1769 1412 rationem
1785 1355 1872 1410 etex
1888 1350 2005 1426 quihus
2021 1367 2087 1412 mo·

526 1440 652 1512 aflectu,
669 1439 868 1516 illorumque
885 1437 1078 1500 omnimodis
1101 1436 1279 1499 commodis
1335 1442 1464 1503 nasterii
1487 1441 1639 1521 praedicti
1665 1442 1718 1504 illa
1739 1441 1810 1514 sibi,
1834 1449 1871 1504 ut
1892 1443 2084 1521 praefertur,

526 1534 559 1596 in
575 1533 758 1612 praemissis
774 1533 967 1611 prospicere,
989 1532 1098 1609 eisque
1117 1537 1149 1592 et
1164 1546 1277 1592 eorum
1334 1536 1497 1614 applicata,
1509 1535 1721 1613 persolvenda
1734 1537 1785 1610 sit,
1800 1552 1984 1616 expressam
1998 1555 2087 1602 men-

526 1626 724 1706 quibuslibet
745 1625 915 1704 specialem
941 1627 1073 1703 gratiam
1097 1623 1201 1686 lacere
1223 1639 1279 1684 vo·
1335 1630 1468 1700 tionem,
1493 1629 1578 1692 idem
1592 1629 1775 1708 ¹collegium
1797 1630 1918 1708 aliquas
1938 1648 2086 1694 successu

526 1721 648 1792 lentes,
673 1736 732 1782 nec
754 1736 818 1782 non
841 1719 980 1782 Felicem
1004 1719 1189 1782 Samuelem
1212 1737 1278 1782 mo-
1334 1722 1490 1800 temporis
1511 1723 1632 1802 irrepat
1652 1723 1849 1800 quaestionis
1871 1724 2030 1795 materias,
2055 1731 2088 1786 et

527 1816 665 1876 dernum
688 1812 833 1876 eiusdem
856 1813 985 1890 collegii
1016 1807 1195 1885 rectorem,
1220 1829 1279 1874 nec
1334 1815 1464 1876 interim
1488 1822 1588 1884 laxae.
1606 1823 1642 1878 ut
1656 1815 1851 1893 praefertur,
1869 1817 1975 1880 eidem
1991 1817 2086 1880 colle-

526 1924 592 1971 non
622 1907 810 1984 magistros,
842 1907 990 1968 alumnos
1019 1905 1163 1983 aliosque
1186 1906 1278 1968 mini·
1335 1909 1387 1986 gio
1410 1907 1593 1986 applicatae,
1611 1909 1796 1972 huiusmodi
1819 1911 1938 1973 solutio
1953 1927 2087 1989 suspen·

526 2010 610 2064 stros
625 2000 803 2080 praedictos
819 2007 977 2063 eteorum
991 1999 1278 2078 quemlibetaqui-
1334 2001 1437 2072 datur,
1472 2015 1573 2078 eaque
1595 2017 1759 2080 suspensa,
1783 2002 1959 2081 collegium
1982 2003 2086 2082 primo

526 2095 636 2157 busvis
665 2095 1025 2166 excommunicationis,
1059 2093 1277 2171 suspensionis
1334 2094 1453 2156 dictum
1476 2094 1605 2172 aliquod
1633 2095 1896 2158 substentationis
1928 2113 2003 2158 suae
2035 2113 2086 2175 pa·

527 2195 560 2250 et
580 2187 742 2250 interdicti
764 2187 1278 2264 aliisqueecclesiasticissenten-
1334 2187 1431 2250 tiatur
1466 2187 1720 2259 detrimentum,
1755 2204 1812 2250 nos
1845 2195 1948 2250 taxam
1980 2189 2084 2251 eidem

529 2282 590 2353 tiis,
614 2281 759 2344 censuris
781 2287 813 2342 et
834 2279 947 2358 poenis
968 2296 983 2340 a
1007 2280 1078 2342 iure
1098 2279 1150 2341 vel
1169 2279 1207 2342 ab
1223 2280 1278 2340 ho·
1334 2280 1526 2358 primodicto
1548 2281 1697 2358 collegio,
1721 2287 1758 2344 ut
1779 2281 1971 2360 praefertur,
1989 2282 2086 2360 appli-

527 2377 615 2438 mine
637 2377 749 2454 quavis
772 2375 937 2437 occasione
959 2374 1012 2436 vel
1034 2390 1124 2436 causa
1146 2373 1230 2444 latis,
1252 2373 1277 2434 si
1334 2379 1434 2435 catam
1458 2373 1643 2435 huiusmodi
1665 2391 1681 2434 a
1702 2373 1807 2451 primo
1830 2373 1914 2436 dicto
1937 2372 1968 2436 S.
1986 2373 2086 2436 Bene-

527 2470 644 2548 quibus
670 2467 916 2546 quomodolibet
942 2467 1086 2530 innodati
1115 2467 1276 2538 existunt,
1334 2467 1408 2529 dicti
1431 2467 1471 2529 de
1493 2467 1625 2538 Ullano,
1650 2467 1736 2544 quod
1764 2468 1944 2546 praedictus
1973 2469 2086 2532 Petrus

526 2563 563 2625 ad
587 2564 737 2624 ellectum
767 2561 931 2623 dumtaxat
960 2558 1179 2638 praesentium
1205 2576 1277 2621 con·
1334 2559 1494 2638 hloysius,
1513 2577 1572 2622 nec
1594 2576 1658 2622 non
1674 2577 1690 2620 a
1706 2558 1737 2622 S.
1756 2560 1871 2623 hieriae
1886 2561 1925 2624 de
1941 2561 2084 2640 Lungro‚

526 2657 741 2734 sequendum,
766 2656 881 2716 harum
910 2654 994 2716 serie
1023 2653 1227 2716 absolventes
1248 2663 1279 2716 et
1334 2653 1419 2728 quod
1443 2653 1636 2714 Laurentius
1659 2651 1690 2714 S.
1716 2651 1831 2715 llariae
1852 2655 1885 2715 in
1907 2654 1957 2716 via
1972 2655 2032 2716 lata
2047 2655 2086 2718 de

526 2751 690 2812 absolutos
721 2751 790 2811 lore
822 2755 1007 2818 censentes,
1044 2749 1216 2825 omniaque
1248 2755 1280 2810 et
1335 2743 1476 2816 hiteriis,
1501 2753 1533 2806 et
1554 2763 1569 2806 a
1592 2745 1623 2808 S.
1649 2745 1807 2818 Hadriani,
1831 2748 1916 2824 quod
1940 2747 2087 2810 Nicolaus

525 2843 653 2922 singula
674 2861 691 2904 a
721 2843 883 2923 praedicto
915 2841 1019 2903 Felice
1052 2840 1221 2913 Samuele,
1246 2843 1278 2904 in
1335 2839 1366 2902 S.
1385 2840 1500 2902 llariae
1521 2839 1557 2901 ad
1581 2848 1740 2918 martyres
1756 2849 1967 2920 nuncupatae,
1985 2842 2024 2904 de
2040 2842 2087 2904 lu·

526 2939 591 2999 vim
622 2943 804 2999 nostrarum
834 2935 1014 2998 litterarum
1044 2934 1278 3012 praedictarum
1335 2927 1421 3005 dice,
1445 2949 1480 2995 ac
1502 2931 1533 2995 S.
1558 2932 1673 2994 blariae
1702 2933 1741 2994 de
1764 2933 1891 2996 blattina
1923 2935 1955 2998 S.
1980 2935 2085 3010 ilorci,

526 3031 727 3118 laudabiliter
756 3037 862 3108 gesta,
892 3029 1064 3107 apostolica
1090 3030 1279 3092 auctoritate
1334 3027 1420 3104 quod
1442 3026 1628 3088 Franciscus
1655 3025 1814 3090 Antonius
1843 3025 1874 3090 S.
1899 3029 1990 3107 Xysti
2014 3030 2087 3091 titu-

526 3125 684 3204 praediota
720 3123 932 3204 approbantes
965 3129 998 3184 et
1029 3124 1276 3194 confirmantes,
1335 3121 1442 3184 lorum
1460 3121 1537 3199 Fyni
1553 3119 1661 3183 dilecti
1677 3121 1734 3182 filii
1750 3122 1850 3184 nostri
1867 3119 1898 3184 S.
1913 3121 1949 3183 ιι.
1963 3122 1999 3184 Ε.
2013 3122 2086 3186 Car-

526 3217 621 3296 eique
635 3216 825 3294 apostolicae
840 3215 1001 3278 firmitatis
1016 3215 1117 3276 robur
1131 3216 1279 3278 adiicien-
1335 3215 1467 3286 dinales,
1489 3232 1523 3276 ac
1546 3213 1577 3278 S.
1596 3214 1710 3277 hieriae
1732 3215 1780 3277 dcl
1795 3213 1908 3278 Patirc
1926 3231 2086 3295 nuncupa-

525 3320 585 3383 tes,
603 3329 637 3373 ac
660 3325 772 3373 omnes
795 3316 828 3372 et
842 3309 988 3386 singulos
1010 3308 1164 3382 delectus,
1182 3310 1207 3371 si
1223 3311 1279 3388 qui
1335 3315 1395 3379 tae,
1420 3323 1476 3370 seu
1501 3305 1532 3370 S.
1557 3307 1674 3384 Georgi
1698 3308 1901 3370 monasteriis
1918 3309 2086 3386 praedictis

525 3405 665 3483 desuper
680 3401 925 3481 quomodolibet
939 3402 1188 3476 intervenerint,
1205 3420 1278 3482 sup·
1335 3399 1366 3464 S.
1390 3401 1554 3464 Benedicti
1576 3399 1763 3464 cistercien.
1788 3419 1822 3464 ac
1844 3402 1876 3464 S.
1895 3401 2011 3474 Basilii,
2029 3419 2086 3464 scu

526 3497 663 3577 pientes,
687 3504 789 3568 motu,
807 3496 938 3558 scientia
960 3501 993 3557 et
1014 3496 1205 3574 apostolicae
1224 3514 1278 3576 po·
1333 3494 1466 3557 alterius
1488 3495 1669 3573 respective
1684 3493 1852 3566 Ordinum,
1867 3495 2084 3573 lloriglianen.

525 3592 648 3653 testatis
670 3590 872 3668 plenitudine
893 3587 1064 3662 similibus,
1088 3589 1277 3654 viridarium
1334 3587 1527 3666 oppidorum
1557 3603 1613 3650 seu
1636 3588 1783 3650 locorum
1806 3588 1986 3666 respective
2011 3587 2086 3650 Ros·

526 3684 726 3763 praedictum
747 3699 820 3746 cum
844 3683 994 3746 omnibus
1018 3690 1052 3745 et
1071 3683 1208 3761 singulis
1230 3701 1277 3745 ar-

525 3779 659 3840 boribus
680 3777 849 3856 praedictis
879 3795 894 3838 a
921 3779 1026 3856 primo
1056 3778 1140 3840 dicto
1169 3793 1277 3840 mona-

525 3871 637 3944 sterio,
654 3871 693 3933 de
715 3887 874 3934 consensu
897 3871 1029 3949 praelati
1051 3870 1135 3932 Petri
1155 3869 1278 3949 hloysii

525 3962 701 4026 Gardiualis
723 3961 814 4024 nohis
835 3963 1000 4040 praestito,
1025 3962 1137 4024 eadem
1155 3969 1286 4040 aposto:

526 4058 585 4120 lica
603 4056 802 4124 auctoritate,
817 4061 974 4134 perpetuo
994 4055 1275 4126 dismembramus,

526 4166 735 4229 segregamus
764 4155 797 4211 et
823 4163 1028 4226 separamus,
1058 4147 1205 4224 illudque
1233 4148 1278 4210 sic

526 4244 805 4313 dismembratum,
819 4248 1026 4318 segregatum
1039 4249 1071 4303 et
1082 4246 1275 4319 separatum,

525 4338 664 4416 collegio
680 4338 786 4416 primo
804 4335 898 4406 dicto,
916 4351 989 4397 cum
1006 4335 1156 4397 omnibus
1168 4343 1201 4397 et
1214 4336 1277 4398 sin·

526 4433 611 4510 gulis
633 4429 838 4509 pertinentiis
859 4435 891 4491 et
911 4429 1036 4491 iuribus
1059 4429 1137 4500 suis,
1161 4430 1278 4507 quibus

525 4526 632 4605 primo
653 4523 729 4587 dicti
757 4523 943 4586 monasterii
965 4523 1103 4586 hbbates
1130 4523 1278 4602 perpetui

525 4617 800 4690 commendatarii,
825 4631 883 4696 pro
911 4624 1059 4695 tempore
1089 4618 1276 4690 existentes,

527 4715 627 4794 gavisi
649 4719 726 4776 sunt
750 4712 806 4794 (ιιι
828 4712 914 4789 quod
936 4711 1030 4774 liceat
1051 4711 1155 4774 eidem
1182 4711 1278 4774 colle·

527 4810 580 4887 gio
602 4807 756 4886 illiusque
777 4806 897 4868 rectori
913 4821 1021 4884 perse
1037 4805 1090 4868 vel
1106 4821 1164 4884 per
1179 4805 1277 4868 alium

525 4920 583 4965 seu
604 4902 694 4974 alios,
718 4900 864 4963 eiusdem
886 4899 1016 4978 collegii
1037 4901 1179 4972 nomine,
1204 4900 1280 4978 dicti

526 4994 727 5066 lliridarioli,
758 5009 905 5056 necnon
935 4993 1081 5056 omnium
1109 5000 1142 5055 et
1169 4993 1279 5071 singu·

485 5145 489 5154 .
526 5090 634 5153 lorum
655 5088 777 5150 iurium
806 5093 838 5149 et
865 5087 1133 5166 pertinentiarum
1156 5086 1279 5166 praedi-

526 5191 665 5255 ctorum,
689 5181 821 5254 realem,
846 5179 1046 5260 corporalem
1069 5187 1102 5242 et
1122 5179 1278 5243 actualem

526 5275 764 5356 possessionem
797 5275 926 5354 propria
957 5273 1145 5337 auctoritate
1176 5272 1279 5336 iibere

526 5369 782 5450 apprehendere,
806 5375 839 5432 et
860 5367 1094 5447 apprehensam
1121 5374 1278 5446 perpetuo

525 5463 681 5536 retinere,
695 5461 848 5540 illiusque
865 5460 999 5534 tructus,
1022 5461 1146 5523 reditus
1160 5468 1193 5522 et
1206 5477 1279 5539 pro·

526 5565 644 5620 ventus
673 5555 855 5634 percipere,
887 5554 1019 5634 exigere
1041 5561 1073 5616 et
1095 5555 1220 5626 levare,
1245 5571 1279 5617 ac

526 5653 560 5714 in
574 5649 721 5714 eiusdem
737 5648 866 5727 collegii
888 5665 966 5711 usus
988 5655 1021 5711 et
1035 5647 1190 5711 utilitates
1206 5665 1279 5712 con·

525 5753 668 5816 vertere,
702 5742 887 5805 liioecesani
909 5741 970 5805 loci
999 5741 1052 5804 vel
1073 5741 1216 5804 cuiusvis
1237 5741 1280 5804 al·

527 5837 629 5900 terius
651 5837 779 5900 licentia
793 5836 933 5914 desuper
948 5835 1083 5898 minime
1098 5835 1277 5914 requisita),

526 5931 638 5995 eadem
654 5929 826 6010 apostolica
840 5930 1028 5993 auctoritate
1043 5927 1193 5992 similiter
1208 5944 1279 6008 per·

1333 3698 1400 3744 san.
1425 3681 1599 3753 dioecesis,
1623 3681 1708 3758 quod
1738 3695 1814 3742 ven.
1848 3681 1947 3744 irater
1975 3689 2086 3745 noster

1334 3775 1472 3837 Thomas
1495 3775 1638 3838 eiusdem
1664 3773 1695 3836 S.
1710 3774 1746 3836 li.
1760 3774 1796 3836 B.
1818 3775 1993 3838 cardinalis
2012 3776 2086 3838 ιιιιι·

1333 3867 1384 3930 lus
1407 3875 1610 3946 nuncupatus
1626 3867 1803 3946 Episcopus
1816 3867 2042 3932 Praenestinus
2054 3872 2086 3932 in

1333 3962 1557 4024 commendam
1579 3961 1615 4022 ad
1643 3977 1757 4023 eorum
1780 3962 1879 4024 vitam
1901 3978 1941 4026 ex
1958 3979 2086 4026 conces-

1333 4056 1424 4117 sione
1440 4061 1473 4116 ιι
1484 4053 1722 4134 dispensatione
1737 4055 1933 4132 apostolicis3
1950 4072 2010 4118 nec
2022 4072 2085 4119 non

1333 4147 1404 4212 aS.
1429 4147 1544 4210 itariae
1572 4147 1612 4209 de
1636 4146 1887 4224 hcquaiormosa
1914 4147 2084 4212 cassanen.

1334 4242 1486 4305 dioecesis
1499 4241 1646 4304 eiusdem
1658 4238 1690 4302 S.
1701 4239 1877 4310 Benedicti,
1886 4257 1943 4304 seu
1955 4241 2086 4305 alterius

1333 4335 1471 4408 Ordinis,
1496 4335 1582 4412 quod
1603 4349 1678 4397 ven.
1703 4349 1833 4412 quoque
1857 4335 1956 4398 irater
1976 4343 2086 4398 noster

1333 4430 1447 4509 loseph
1470 4427 1606 4507 Spinelli
1629 4429 1805 4490 modernus
1820 4427 2086 4508 archiepiscopus

1333 4523 1549 4594 Corinthien,
1574 4522 1607 4584 in
1629 4521 1769 4584 similem
1796 4523 2020 4585 commendam
2048 4523 2085 4585 ad

1334 4619 1404 4682 eius
1425 4617 1523 4680 vitam
1544 4617 1724 4696 respective
1740 4616 1897 4689 obtinent,
1915 4623 1976 4680 eta
1992 4618 2086 4680 Petro

1334 4711 1475 4792 hloysio,
1493 4717 1525 4773 et
1538 4709 1722 4783 Laurentio,
1740 4727 1774 4773 ac
1788 4709 1928 4783 Nicolao,
1946 4719 1978 4774 et
1992 4711 2086 4774 Fran-

1333 4805 1416 4868 cisco
1429 4804 1580 4878 Antonio,
1599 4811 1631 4866 et
1646 4803 1767 4872 Thema
1782 4803 2013 4877 Cardinalibus,
2027 4822 2087 4868 uec

1334 4915 1399 4962 non
1421 4897 1556 4978 losepho
1578 4897 1747 4976 praedictis
1762 4897 1961 4976 illorumque
1979 4913 2086 4978 respe-

1334 4993 1419 5056 ctive
1440 4989 1691 5064 successoribus,
1712 4991 1907 5054 monasteria
1928 4993 2087 5071 praedicta

1334 5103 1421 5150 nunc
1435 5093 1469 5149 et
1483 5101 1541 5165 pro
1557 5093 1704 5164 tempore
1720 5085 1965 5164 quomodolibet
1979 5103 2086 5166 respe-

1334 5181 1419 5242 ctive
1435 5179 1666 5252 obtinentibus,
1681 5193 1818 5257 eamque
1833 5182 1870 5244 ad
1883 5182 2041 5245 rationem
2053 5183 2086 5244 in

1334 5273 1541 5336 costitutione
1570 5271 1624 5336 ιιι.
1649 5289 1714 5336 ιιι.
1739 5273 1902 5338 Benedicti
1925 5275 1981 5338 PP.
2005 5275 2084 5338 lllll.

1334 5367 1592 5446 praedecessoris
1614 5367 1717 5429 nostri
1737 5384 1836 5448 super
1858 5369 1954 5432 modo
1975 5375 2009 5431 ιι
2023 5369 2086 5432 ior·

1334 5477 1386 5523 ma
1408 5460 1595 5540 imponendi
1618 5461 1832 5539 solvendique
1861 5469 1947 5524 taxas
1975 5463 2086 5526 huius-

1334 5554 1422 5618 modi
1434 5554 1468 5616 ιιι
1479 5553 1660 5617 subsidium
1671 5555 1921 5618 seminariorum
1933 5573 1992 5636 pro
2007 5565 2086 5620 tem·

1334 5663 1414 5727 pore
1435 5647 1647 5726 imponendas
1666 5655 1698 5710 et
1713 5649 1951 5727 persolvendas,
1965 5651 1998 5712 in
2013 5667 2087 5714 con·

1334 5741 1408 5804 cilio
1430 5757 1513 5803 rorn.
1537 5741 1632 5814 edita,
1653 5743 1870 5815 constitutam,
1887 5744 2085 5823 servatisque

1334 5836 1368 5898 in
1391 5834 1541 5899 omnibus
1563 5841 1596 5897 et
1617 5849 1675 5914 per
1697 5834 1804 5898 omnia
1824 5835 1923 5899 modo
1938 5844 1970 5899 et
1984 5835 2086 5900 lorma

1334 5931 1368 5992 in
1389 5931 1502 5994 eadem
1524 5929 1753 5994 constitutione
1779 5931 1997 6011 praescriptis,
2021 5938 2085 5994 tam
