4814 6998
545 567 605 632 286

527 703 777 782 Scriptorum,
791 703 935 775 admitto,
950 719 1008 764 nec
1030 717 1099 764 eam
1115 715 1271 778 unquam,

527 797 589 860 nisi
610 797 696 858 iuxta
718 796 905 859 unanimem
916 811 1109 858 consensum
1132 795 1272 867 Patrum,

509 891 675 968 «accipiam
699 899 731 953 et
751 889 1000 968 interpretabor.

566 983 723 1046 Profiteor
745 998 875 1062 quoque
897 990 1021 1061 septem
1046 997 1117 1043 esse
1143 995 1220 1042 vere
1243 987 1276 1042 et

529 1081 657 1156 proprie
689 1075 891 1140 Sacramenta
919 1090 1020 1138 novae
1049 1075 1130 1152 legis
1159 1091 1175 1135 a
1205 1073 1274 1136 lesu

527 1171 655 1233 Christo
670 1170 806 1233 Domino
821 1169 937 1232 Nostro
952 1171 1106 1240 instituta,
1123 1176 1218 1246 atque
1238 1168 1274 1230 ad

526 1265 663 1329 salutem
686 1265 818 1328 hnmani
842 1266 982 1342 generis,
998 1263 1073 1326 licet
1088 1279 1153 1326 non
1169 1262 1276 1323 omnia

526 1357 683 1438 singulis,
698 1359 887 1430 necessaria,
911 1358 1042 1429 scilicet,
1064 1357 1273 1435 Baptismum,

525 1451 826 1525 Corrdrmationem,
842 1451 1084 1522 Eucharistiam,
1108 1450 1275 1512 Poeniten·

529 1545 615 1618 tiam,
638 1547 825 1610 Extremam
847 1544 1051 1616 Unctionem,
1069 1543 1221 1607 Ordinem
1245 1547 1277 1604 et

529 1637 778 1710 Matrimonium,
808 1637 926 1715 illaque
951 1637 1085 1713 gratiam
1107 1635 1273 1711 conterre;

527 1739 559 1794 et
581 1748 621 1794 ex
644 1732 691 1794 iris
713 1733 923 1810 Baptismum,
940 1731 1224 1794 Confirmationem
1245 1737 1277 1792 et

526 1824 679 1890 Ordinem
695 1827 764 1890 sine
779 1827 946 1904 sacrilegio
963 1825 1109 1894 reiterari
1125 1840 1189 1887 non
1205 1840 1275 1902 pos·

527 1937 573 1983 se.
597 1921 752 2000 Receptos
782 1936 912 1999 qnoque
944 1929 976 1983 et
1004 1921 1194 1998 adprobatus
1220 1919 1277 1982 Eo-

527 2015 642 2078 clesiae
664 2015 835 2078 catholicae
859 2015 940 2078 ritus
962 2016 994 2076 in
1016 2014 1275 2092 supradictorum

528 2110 673 2172 omnium
700 2109 981 2172 Sacrameutorum
1010 2107 1148 2170 solemni
1178 2106 1276 2168 admi-

527 2203 715 2266 nistratione
736 2203 856 2280 recipio
886 2209 919 2264 et
944 2202 1087 2264 admitto.
1112 2199 1223 2262 Omnia
1245 2206 1277 2261 et

528 2297 665 2374 singula,
680 2312 762 2375 quae
777 2298 817 2360 de
831 2303 956 2374 peccato
972 2295 1119 2373 originali
1136 2295 1218 2356 etde
1231 2295 1276 2354 iu·

527 2391 716 2453 stificatione
738 2392 770 2454 in
786 2397 982 2454 sacrosancta
998 2390 1181 2452 Tridentino
1198 2389 1276 2468 Syn-

529 2485 590 2546 odo
621 2485 750 2546 delinita
782 2493 813 2547 et
844 2485 998 2547 declarata
1032 2483 1179 2555 luerunt,
1213 2502 1277 2546 am·

529 2579 651 2656 plector
683 2587 716 2642 et
746 2580 876 2658 recipio.
912 2579 1066 2642 Profiteor
1097 2580 1216 2657 pariter
1244 2581 1275 2642 io

529 2671 619 2735 llissa
631 2673 741 2736 ollerri
755 2673 818 2735 lleo
836 2688 963 2744 verum,
979 2675 1144 2751 proprium
1162 2681 1194 2736 et
1206 2690 1277 2752 pro-

528 2765 724 2842 pitiatorium
756 2765 950 2829 Sacrificium
974 2782 1032 2844 pro
1055 2767 1136 2828 vivis
1165 2773 1198 2829 et
1225 2769 1276 2830 de-

527 2859 657 2936 lnnctis,
680 2867 775 2938 atque
790 2861 823 2922 in
838 2859 1037 2922 sanctissimo
1059 2861 1277 2924 Eucharistiae

527 2963 726 3017 sacramento
748 2971 818 3018 esse
834 2970 922 3027 vere,
940 2955 1071 3018 realiter
1087 2963 1119 3018 et
1133 2955 1278 3016 substan·

528 3048 645 3112 tialiter
676 3065 793 3128 corpus
826 3055 858 3111 et
889 3049 1081 3126 sanguinem
1112 3065 1173 3111 una
1203 3064 1277 3112 cum

528 3143 632 3206 anima
664 3150 696 3205 et
727 3142 893 3206 divinitate
925 3142 1051 3204 Domini
1076 3141 1183 3204 Nostri
1206 3142 1276 3204 lesu

528 3235 657 3308 Christi,
675 3235 811 3313 flerique
830 3237 1075 3299 conversionem
1092 3235 1190 3296 totius
1204 3235 1277 3296 sula·

529 3330 663 3392 stantiae
693 3330 781 3408 panis
809 3331 842 3391 in
867 3345 992 3407 corpus,
1021 3335 1053 3391 et
1084 3329 1180 3391 totius
1204 3329 1278 3391 snb·

529 3423 662 3487 stantiae
676 3423 743 3485 vini
763 3424 795 3486 in
811 3424 1014 3501 sanguinem,
1031 3437 1127 3500 quam
1143 3437 1277 3486 conver-

527 3518 652 3581 sionem
674 3519 826 3582 catholica
847 3515 987 3579 Ecclesia
1002 3513 1277 3580 transubstantia-

529 3611 644 3674 tionem
665 3611 813 3691 appellat.
841 3612 955 3672 Fateor
980 3611 1075 3672 etiam
1097 3611 1156 3673 sub
1178 3611 1277 3674 altera

530 3714 651 3769 tantum
667 3707 773 3785 specie
785 3713 888 3769 totum
901 3712 996 3783 atque
1008 3706 1173 3783 integrum
1185 3704 1277 3768 Chri-

526 3809 612 3863 stum
630 3816 812 3877 rerumque
824 3799 1066 3863 Sacramentum
1086 3801 1181 3861 sumi.
1195 3799 1277 3862 Con·

527 3901 649 3958 stanter
672 3903 766 3958 teneo
793 3895 1018 3972 Purgatoriuln
1040 3910 1120 3966 esse,
1144 3895 1277 3956 animas·

528 4004 591 4066 que
612 3987 655 4050 lbi
670 3989 815 4051 detentas
831 3988 976 4051 fidelium
989 3988 1149 4066 sullragiis
1161 3988 1275 4050 iuvari.

529 4083 685 4145 Similiter
707 4089 739 4145 et
761 4079 890 4145 Sanctos
906 4097 1056 4144 unacum
1078 4081 1206 4144 Christo
1229 4098 1278 4144 re-

530 4183 664 4254 guantes
675 4169 877 4239 venerandos
888 4183 983 4254 atque
993 4177 1187 4240 invocandos
1198 4193 1277 4251 esse,

529 4286 650 4349 eosque
672 4271 832 4334 orationes
854 4271 920 4333 Deo
943 4287 1000 4350 pro
1029 4271 1121 4334 nobis
1148 4271 1277 4344 ollerre,

1047 580 1197 628 rotaldus
1218 581 1442 628 successionis
1463 582 1549 628 stom

1327 707 1423 777 atque
1445 717 1559 763 eornm
1587 701 1737 780 reliquias
1767 719 1837 765 esse
1864 703 2074 766 venerandas.

1329 793 1479 857 Firmiter
1501 811 1609 858 assero
1632 797 1788 874 imagines
1810 795 1930 859 Christi
1952 813 1987 858 ac
2009 797 2077 860 llei-

1329 904 1421 966 parae
1443 905 1571 967 semper
1594 889 1747 967 Virginis,
1772 906 1831 951 nec
1854 906 1918 952 non
1940 890 2078 952 aliorum

1330 981 1532 1056 Sanctorum,
1557 984 1717 1048 habendas
1740 991 1773 1046 et
1797 984 1980 1048 retinendas
1995 1001 2076 1058 esse,

1329 1083 1424 1153 atque
1446 1077 1491 1140 eis
1506 1078 1652 1141 debiturn
1676 1079 1833 1140 honorem
1850 1095 1883 1141 ac
1898 1079 2079 1141 veneratio-

1330 1185 1404 1231 nem
1418 1171 1677 1248 impertiondam.
1692 1171 1969 1248 indulgentiarum
1983 1172 2078 1234 etiam

1330 1271 1520 1341 potestatem
1543 1281 1559 1327 a
1581 1265 1709 1328 Christo
1729 1266 1760 1328 in
1773 1265 1913 1328 Ecclesia
1935 1265 2078 1328 relictam

1331 1356 1439 1430 luisse,
1454 1358 1649 1436 illarumque
1666 1376 1759 1421 usunr
1776 1359 1948 1424 christiano
1961 1359 2080 1437 populo

1331 1451 1470 1514 maxime
1486 1452 1658 1515 salutarem
1682 1469 1753 1516 esse
1767 1453 1902 1516 affirmo.
1921 1451 2078 1526 Sanctam,

1331 1544 1530 1616 catholicam,
1554 1553 1586 1608 et
1607 1546 1811 1625 apostolicam
1834 1547 2008 1608 Romanam
2024 1545 2080 1607 Ec·

1331 1638 1459 1700 clesiam
1483 1642 1629 1702 omnium
1651 1641 1859 1704 ecclesiarum
1891 1647 2025 1702 matrem
2049 1646 2082 1702 et

1333 1733 1516 1808 magistram
1539 1749 1689 1811 agnosco,
1706 1734 1914 1813 Romanoque
1938 1734 2081 1797 Pontifici

1333 1825 1414 1888 beati
1438 1827 1520 1889 Petri
1538 1828 1765 1907 Apostolorum
1782 1829 1935 1906 Principis
1958 1845 2081 1890 sncces-

1332 1921 1396 1982 sori
1418 1937 1452 1982 ac
1473 1921 1542 1983 lesu
1572 1922 1692 1985 Clrristi
1720 1921 1844 1986 Vicario
1874 1938 1984 1985 veram
2008 1923 2081 1984 obe-

1332 2013 1482 2076 dientiam
1508 2017 1651 2094 spondeo
1673 2034 1707 2079 ac
1728 2018 1812 2079 iuro.

1372 2107 1484 2170 Cetera
1507 2109 1583 2172 item
1607 2113 1712 2172 omnia
1734 2129 1751 2172 a
1775 2110 1871 2172 sacris
1898 2110 2081 2172 Canonibns
2112 2103 2121 2123 ‘

1333 2209 1365 2264 et
1386 2203 1601 2266 oecumenicis
1630 2204 1780 2267 Consiliis
1809 2221 1844 2266 ac
1876 2204 2082 2282 praecipuea

1333 2294 1535 2359 Sacrosanota
1558 2298 1742 2362 'lridentina
1767 2297 1896 2376 Synodo
1919 2305 1950 2360 et
1969 2297 2007 2358 ab
2030 2315 2082 2359 oe-

1332 2391 1501 2454 cumenico
1523 2391 1664 2454 Concilio
1690 2391 1837 2456 Vaticano
1860 2393 1983 2462 tradita,
2007 2392 2082 2454 dell-

1333 2484 1396 2546 nita
1418 2501 1452 2546 ac
1474 2485 1640 2557 declarata,
1666 2487 1855 2564 praesertim
1885 2487 1924 2548 de
1949 2485 2080 2548 Romani

1332 2576 1493 2639 Pontifiois
1523 2577 1661 2656 primatu
1687 2587 1718 2640 et
1746 2579 1904 2642 inlallibili
1934 2579 2082 2656 magiste-

1334 2671 1392 2742 rio,
1416 2671 1635 2734 indubitanter
1658 2674 1777 2751 recipio
1795 2681 1890 2750 atque
1906 2673 2081 2752 protiteor3

1330 2766 1493 2842 simulque
1509 2768 1665 2828 contraria
1683 2769 1799 2840 omnia,
1817 2775 1911 2845 atque
1932 2767 2081 2829 haereses

1332 2875 1552 2937 quascumque
1567 2861 1605 2922 al}
1622 2859 1761 2924 Ecclesia
1777 2862 1938 2923 damnatas
1954 2867 1986 2922 et
2001 2860 2082 2922 reie-

1332 2960 1395 3015 ctas
1407 2962 1439 3016 et
1449 2955 1737 3028 anathematizatas,
1749 2971 1810 3033 ego
1823 2956 1940 3034 pariter
1953 2956 2084 3028 damno,

1334 3048 1455 3121 reiioio,
1480 3055 1512 3110 et
1532 3049 1778 3112 anathematizo.
1803 3048 1888 3112 llano
1909 3063 2020 3112 reram
2035 3067 2083 3112 ca·

1335 3141 1484 3204 tholicam
1508 3143 1617 3218 fidem,
1634 3149 1723 3204 extra
1742 3158 1838 3220 quam
1860 3159 1955 3206 nemo
1976 3144 2083 3206 salvus

1333 3251 1404 3299 esse
1421 3243 1535 3314 potest,
1549 3251 1643 3314 quam
1660 3236 1866 3314 inpraesenti
1881 3245 1996 3317 sponte
2011 3254 2084 3316 pro-

1332 3330 1427 3392 fiteor
1449 3337 1481 3393 et
1502 3333 1659 3393 veraciter
1688 3337 1792 3403 teneo,
1827 3331 1973 3393 eamdem
2003 3331 2083 3393 inte·

1333 3439 1424 3501 gram
1453 3431 1486 3486 et
1513 3423 1748 3487 immaculatam
1778 3425 1948 3502 usquead
1978 3430 2083 3487 extre·

1333 3533 1423 3578 mum
1445 3518 1530 3580 vitae
1554 3517 1703 3594 spiritum
1727 3518 1994 3590 constantissime,
2018 3518 2083 3581 Deo

1332 3611 1513 3684 adiurante,
1542 3612 1685 3674 retinere
1707 3619 1739 3674 et
1760 3611 1918 3682 confiteri,
1948 3619 2044 3690 atque
2065 3627 2082 3672 a

1334 3705 1413 3765 meis
1434 3703 1569 3766 subditis
1594 3720 1650 3766 seu
1673 3703 1748 3776 illis,
1779 3719 1918 3782 quorum
1946 3720 2021 3766 cura
2042 3704 2081 3766 ad

1333 3815 1386 3862 me
1407 3800 1440 3861 in
1463 3814 1600 3862 munere
1631 3815 1703 3861 meo
1725 3799 1889 3878 spectabit,
1923 3799 2027 3862 teneri
2049 3807 2081 3862 et

1334 3893 1441 3958 doceri
1463 3901 1496 3956 et
1515 3894 1700 3972 praedicari,
1717 3901 1873 3973 quantum
1891 3893 1923 3954 in
1940 3893 2081 3965 meent,

1333 3995 1521 4052 curaturum
1548 4004 1609 4066 ego
1632 3988 1716 4050 idem
1739 3987 1777 4050 N.
1801 3987 1955 4066 spondeo,
1979 4001 2083 4049 voveo

1334 4098 1368 4144 ac
1383 4083 1466 4144 iuro.
1485 4081 1535 4145 Sic
1551 4097 1603 4144 me
1618 4082 1701 4144 Dens
1718 4081 1857 4152 adiuvet,
1875 4087 1907 4142 et
1922 4079 1999 4142 haec
2015 4095 2084 4142 san-

1334 4183 1381 4240 cta
1403 4177 1459 4239 Dei
1481 4177 1658 4255 evangelia.
