4814 6992
910 615 1122 664 innocentius
1144 618 1195 664 ΡΡ.
1220 615 1250 664 Χ.

305 738 387 800 latus
401 737 503 800 nostri
518 751 655 800 munere
671 744 845 814 gestantes,
858 737 1053 817 peculiarem

305 831 344 892 iis
369 830 487 893 Christi
520 831 653 904 ovibus,
684 847 765 909 quae
787 831 846 893 suh
875 831 943 893 aliis
974 832 1054 896 coeli

307 925 407 1004 plagis
428 944 443 986 a
459 925 551 988 nobis
568 933 630 988 tam
647 927 758 1006 proeul
775 927 902 990 dissitae
918 927 1052 1004 degunt,

307 1019 555 1082 sollicitudinem
584 1019 819 1100 impendimus,
844 1029 893 1092 ut,
918 1037 994 1098 quas
1016 1022 1054 1085 ab

307 1120 431 1176 amante
453 1121 579 1192 pastore
595 1121 755 1176 terrarum
772 1131 806 1177 ac
826 1115 963 1177 marium
986 1115 1060 1178 lon·-

308 1205 466 1283 ginquitas
498 1207 664 1278 distrahit,
695 1208 763 1270 eius
791 1207 898 1270 lateris
931 1209 1055 1271 assidua

307 1314 455 1362 curarum
479 1307 511 1361 et
532 1302 649 1362 amoris
671 1301 858 1380 proximitas
879 1303 992 1380 iungat

347 1393 442 1456 Nobis
464 1409 543 1472 ergo
565 1394 605 1456 de
628 1394 791 1457 maiestate
822 1401 873 1457 tua
896 1403 928 1458 et
952 1395 1055 1473 Gongi

308 1479 424 1565 regno,
455 1487 540 1563 quod
570 1493 601 1549 te
630 1503 670 1550 ex
691 1487 760 1550 aliis
796 1490 912 1550 nostris
939 1489 1055 1552 litteris

308 1581 424 1642 iamdiu
446 1580 636 1657 cognovisse
658 1581 836 1654 credimus,
861 1582 1055 1645 benevolen-

308 1673 430 1736 tissime
457 1674 685 1751 cogitantibus,
714 1691 748 1737 ac
779 1675 946 1753 religionis
972 1677 1054 1756 apud

307 1782 363 1829 vos
374 1783 484 1830 causae
495 1773 645 1846 paternae
657 1769 935 1847 prospicientibus,
949 1776 1055 1850 optato

308 1863 436 1924 advenit
467 1863 621 1924 devotum
649 1863 793 1940 obsequii
815 1864 861 1925 tui
884 1863 916 1926 in
943 1881 1001 1926 nos
1024 1871 1055 1926 et

307 1954 387 2038 hane
408 1953 553 2017 Sanctam
577 1953 693 2018 Sedem
721 1955 878 2032 officinm3
903 1957 988 2034 qnod
1010 1957 1056 2020 lo-

308 2047 425 2126 cupleti
448 2047 628 2111 litterarum
663 2050 849 2112 testimonio
872 2057 903 2114 et
924 2051 1056 2114 dilecto-

308 2156 380 2202 rum
404 2141 545 2204 tiliorum
575 2141 682 2205 iratris
705 2143 821 2222 hugeli
849 2145 889 2206 de
911 2144 1055 2208 Valentia

309 2241 341 2296 et
362 2234 468 2296 fratris
489 2235 615 2298 loannis
637 2237 794 2300 Francisci
817 2239 855 2300 de
870 2239 980 2311 lioma,
1005 2255 1054 2301 or·

308 2327 389 2390 diuis
404 2329 662 2407 capuccinorum,
677 2331 837 2408 legatione
853 2334 1054 2396 commenda-

309 2429 388 2493 tum,
415 2423 585 2501 apostolica
612 2425 808 2503 benignitate
841 2427 980 2488 libenter
1001 2443 1055 2488 er·

306 2516 460 2594 cepimus,
484 2518 645 2597 complexi
676 2527 880 2598 peramanter
913 2528 1054 2583 oratores

309 2617 391 2680 tuos,
415 2625 455 2672 er
477 2610 593 2688 quibus
614 2611 673 2690 piis
706 2614 767 2674 tuis
790 2613 873 2674 votis
895 2622 928 2676 et
955 2613 1055 2676 eccle-

308 2703 427 2766 siarum
449 2704 541 2766 istius
563 2705 656 2782 regni
672 2707 891 2784 spiritualibus
910 2708 1055 2784 indigen·

310 2798 360 2859 tiis
387 2799 579 2871 intellectio,
612 2801 757 2862 sedulam
790 2815 919 2877 operam
952 2803 1055 2864 daturi

307 2906 431 2964 sumus,
447 2897 483 2954 ut
497 2893 674 2954 commodis
690 2893 816 2965 vestris,
835 2899 930 2971 prout
949 2894 981 2954 in
997 2895 1055 2957 llo·

308 2983 396 3044 mino
428 2985 581 3062 expedire
613 2986 718 3046 visum
742 2985 857 3058 luerit,
883 3002 940 3066 pro
968 3003 1002 3049 re
1024 2995 1056 3051 et

309 3084 453 3155 tempore
475 3079 672 3140 consulatur.
697 3079 830 3142 lnterim
853 3081 969 3142 eximia
991 3082 1056 3160 pie-

309 3177 371 3232 tate
393 3178 446 3233 tua
460 3173 493 3234 in
516 3172 643 3250 populis
664 3173 732 3236 istis
749 3191 763 3234 a
780 3175 970 3252 contagione
992 3183 1056 3238 tatu

308 3264 487 3327 infidelium
509 3281 603 3343 quam
629 3267 864 3330 haereticorum
884 3268 1057 3345 diligenter

310 3359 447 3430 tuendis,
471 3360 650 3422 animarum
666 3367 846 3424 vestrarum
863 3362 1000 3423 salutem
1017 3361 1056 3423 si-

310 3451 435 3524 tientes,
452 3468 661 3531 summopere
676 3454 776 3532 gavisi
795 3469 924 3531 sumus;
947 3462 1054 3532 teque,

307 3553 345 3607 ut
364 3546 532 3624 magisque
553 3547 586 3608 in
616 3547 682 3609 dies
711 3547 842 3610 enitaris
876 3548 1053 3611 hortamur.

309 3637 397 3700 Sicut
428 3641 515 3702 enim
544 3639 671 3702 nullum
694 3639 779 3703 aliud
812 3649 860 3703 est
881 3641 940 3704 sub
966 3642 1056 3704 coelo

308 3747 428 3793 nomeu
457 3732 565 3794 datum
596 3732 799 3806 hominihus,
823 3733 855 3796 in
878 3749 942 3812 quo
964 3751 1056 3814 opor-

310 3831 372 3887 teat
394 3843 449 3888 nos
470 3825 575 3888 salvos
597 3827 679 3900 lieri,
703 3842 797 3903 quam
821 3827 938 3890 Christi
971 3828 1053 3900 lesu,

307 3919 350 3980 ita
371 3919 466 3982 huius
481 3921 621 3982 nominis
643 3919 778 3998 gloriam
794 3920 872 3982 ialso
887 3929 1054 3999 usurpant,

309 4014 363 4090 oui
385 4026 419 4075 se
441 4014 479 4076 ab
512 4013 588 4076 ovili
620 4014 739 4088 Christi
767 4023 934 4092 separant,
966 4022 997 4077 et
1018 4015 1056 4077 ab

310 4106 377 4167 eius
399 4107 532 4184 pastoris
554 4108 706 4176 custodia,
723 4109 773 4170 cui
788 4107 934 4172 Christus
952 4109 1057 4171 Domi·

311 4213 370 4260 nus
391 4201 558 4279 ovesipse
580 4217 651 4262 suas
673 4201 843 4279 pascendas
865 4203 1034 4264 commisit.

350 4289 504 4354 Omnibus
526 4293 626 4370 igitur
647 4293 745 4356 animi
768 4294 813 4356 tui
828 4294 963 4367 viribus,
988 4295 1057 4356 eha-

310 4385 436 4448 rissime
467 4386 498 4448 in
533 4386 662 4450 Christo
697 4387 742 4450 illi
771 4393 897 4460 noster,
931 4389 1057 4452 elabora

311 4487 379 4542 tum
401 4481 434 4542 in
456 4482 683 4553 conservanda,
707 4489 776 4543 tum
799 4482 893 4545 etiam
910 4485 942 4544 in
964 4483 1058 4560 parti·

310 4573 371 4637 hus
392 4575 461 4636 istis
483 4575 684 4654 propaganda
698 4590 774 4638 vera
795 4575 914 4637 Christi
934 4576 1008 4648 lide,
1025 4576 1056 4638 in

311 4683 372 4746 qua
404 4668 470 4731 sola
502 4677 549 4731 est
574 4668 680 4738 salus,
712 4675 845 4746 totoque
875 4677 1004 4746 pectore
1025 4670 1057 4732 in

311 4777 380 4823 eam
402 4777 510 4824 curam
533 4763 695 4834 incumbe,
718 4769 755 4824 ut
775 4762 940 4835 iustitiam,
963 4763 1059 4840 pieta-

312 4860 376 4916 tem
399 4871 432 4916 ac
454 4861 593 4916 caeteras
609 4854 795 4917 christianas
817 4855 966 4928 virtutes,
990 4855 1059 4932 qui·

311 4947 371 5008 bus
388 4954 417 5009 te
436 4947 628 5009 aluminum
649 4949 739 5010 Patre
755 4949 919 5020 donatum,
944 4965 1059 5026 magna

310 5057 383 5103 cum
407 5041 535 5113 laetitia,
559 5042 749 5120 accepimus
773 5042 900 5105 assiduo
922 5041 1005 5105 colas
1028 5051 1060 5106 et

309 5135 455 5197 adauctas
477 5136 596 5213 iugiter
618 5137 711 5208 velis,
735 5135 856 5214 tibique
879 5138 972 5215 plane
988 5153 1059 5215 per·-

309 5245 441 5291 suasum
463 5229 514 5302 sit,
538 5245 589 5290 res
622 5235 690 5292 tuas
719 5237 751 5292 et
772 5231 866 5308 regni
895 5231 941 5292 tui
968 5231 1059 5294 nobis

310 5323 398 5385 cordi
421 5331 578 5402 perpetuo
600 5322 679 5385 iore.
704 5323 757 5384 llis
779 5324 817 5387 ab
839 5325 1060 5402 omnipotente

310 5432 428 5493 regum
439 5417 527 5494 liege
540 5417 695 5479 maiestati
713 5423 794 5489 tuae,
812 5417 975 5497 regiisque
987 5435 1059 5482 cum

822 5575 985 5583 -----.

310 5671 444 5718 mediante
466 5675 546 5718 Sacra
565 5674 781 5730 congregatione,
801 5675 1005 5722 aSanotissimo
1018 5675 1060 5722 do·

309 5739 384 5785 mino
398 5743 489 5785 nostro
503 5741 654 5786 innocentio
664 5744 693 5785 ll.
708 5741 915 5787 benedictionem
927 5743 1012 5788 dictae
1021 5754 1061 5788 co-

309 5817 400 5862 ronae,
416 5817 474 5852 oum
489 5807 663 5852 caeremoniis
679 5808 810 5854 Ecclesiae
825 5809 920 5862 solitis,
935 5810 1060 5855 obtinuit.

254 5871 258 5880 '
351 5874 442 5919 visum
457 5877 497 5920 eet
514 5875 587 5929 mihi,
604 5877 633 5920 ut
649 5875 783 5922 maiestati
804 5880 907 5923 vestrae
925 5878 973 5922 hoc
988 5877 1061 5924 testi·

308 5941 430 5987 monium
452 5941 627 5998 perhiberem,
646 5947 777 5999 quatenus
792 5944 944 5999 praedictae
958 5945 1061 5990 benedi·

306 6009 406 6053 etionis
422 6013 527 6054 rrraneat
541 6013 622 6060 certa,
638 6013 664 6055 et
678 6011 749 6056 circe
763 6011 816 6056 alia
834 6011 998 6065 negutiante
1013 6023 1060 6068 pro

420 6132 477 6172 Iter.
493 6133 568 6174 Porti.
584 6133 616 6174 rte
632 6133 711 6183 Propi.
727 6133 790 6174 Fide
805 6132 890 6175 Partis
906 6134 923 6174 l.
940 6131 992 6176 Vol.
1010 6135 1060 6176 vti.

1109 735 1257 813 coniuge,
1285 743 1354 798 tum
1370 736 1491 810 liberis,
1508 736 1607 799 lansta
1629 738 1735 798 omnia
1750 734 1858 798 ettae-

1108 829 1195 892 titiae
1208 846 1282 893 suae
1298 845 1392 892 verae
1405 830 1498 910 plena
1510 837 1726 910 peroptamus:
1742 829 1858 908 quibus

1109 924 1313 1002 apostolicam
1335 924 1592 988 benedictionem
1615 925 1651 988 ad
1673 924 1809 986 salutem
1829 942 1858 986 a·

1109 1019 1270 1082 uimarnm
1294 1025 1326 1082 et
1350 1035 1524 1098 corporum
1556 1017 1772 1080 amantissime
1800 1018 1859 1080 im·

1109 1113 1278 1190 pertimur.

1150 1206 1263 1268 Datum
1293 1205 1411 1270 Romae
1436 1207 1517 1286 apud
1552 1205 1583 1268 S.
1614 1205 1742 1268 llariam
1766 1203 1859 1266 hlaio-

1109 1315 1192 1372 rem,
1215 1299 1275 1364 sub
1297 1300 1415 1362 annulo
1438 1300 1615 1372 Piscatoris,
1640 1300 1690 1362 die
1713 1315 1766 1361 xx.
1784 1299 1858 1360 maii

1110 1409 1301 1468 uuonmun,
1325 1383 1526 1472 pontificatus
1548 1395 1650 1456 nostri
1672 1409 1755 1456 anno
1777 1410 1820 1454 rv.

1459 1676 1508 1739 lll.

1112 1861 1197 1924 Alios
1218 1865 1304 1928 roias.
1321 1881 1353 1926 se
1371 1865 1496 1927 mittere
1509 1863 1566 1928 cub
1580 1865 1625 1946 fr.
1644 1865 1823 1944 ltpoototto
1840 1883 1859 1927 a

1149 1956 1232 2018 Foro
1248 1956 1351 2020 Coreli
1364 1975 1418 2020 acac
1429 1957 1579 2028 Vetrotlo,
1593 1959 1767 2040 praefecto,
1780 1957 1859 2021 Gor-

1149 2051 1231 2112 zioc.
1255 2051 1323 2130 repi
1348 2050 1456 2132 Coepi,
1480 2053 1623 2115 nuntiet.

1130 2235 1317 2304 charissimo
1331 2237 1359 2303 in
1371 2235 1492 2304 christo
1505 2237 1570 2305 tilio
1583 2244 1688 2306 nostro
1697 2238 1838 2316 fiarziae,

1254 2351 1258 2356 ·
1340 2331 1403 2415 regi
1426 2331 1536 2414 conpl,
1559 2337 1628 2410 eto,

1285 2512 1540 2586 thhocttttttts
1563 2517 1625 2585 ΡΡ.
1649 2520 1683 2586 Χ.

1160 2703 1290 2772 salutem
1312 2710 1344 2771 el
1366 2711 1466 2788 apost.
1491 2707 1730 2774 benedictionem
1750 2707 1807 2792 (l).

1150 2895 1344 2958 hlaiestatem
1360 2901 1446 2958 tuam
1459 2895 1627 2975 dangione
1642 2913 1781 2975 regnum
1794 2915 1858 2960 non

1112 2996 1172 3050 tam
1200 2987 1297 3066 longe
1319 2989 1461 3066 seiungit
1488 3007 1507 3054 a
1533 2991 1624 3052 nobis
1647 2997 1732 3053 tanta
1762 2999 1859 3054 terra-

1111 3097 1183 3143 rum
1216 3081 1420 3158 mariumque
1453 3082 1616 3156 distantia,
1649 3091 1686 3148 ut
1717 3100 1781 3148 non
1812 3101 1860 3147 ar-

1111 3176 1191 3236 etius
1213 3175 1302 3236 uniat
1323 3191 1396 3237 cum
1419 3175 1534 3238 ardens
1562 3176 1681 3240 Christi
1703 3179 1857 3250 charitas,

1112 3276 1175 3330 tam
1197 3269 1313 3332 eximia
1335 3269 1434 3348 pietas
1450 3277 1482 3332 et
1496 3270 1662 3347 religionis
1684 3287 1780 3335 verae
1794 3279 1860 3334 stu-

1111 3363 1210 3435 dium,
1235 3377 1299 3440 quo
1330 3363 1540 3440 singulariter
1566 3363 1728 3427 excellens
1757 3373 1859 3443 pater-

1110 3472 1183 3518 nam
1205 3455 1405 3519 voluntatem
1428 3463 1570 3519 nostram
1589 3457 1779 3537 iampridem
1803 3459 1859 3520 tibi

1110 3549 1295 3612 devinxisti.

1149 3643 1249 3706 Porro
1270 3649 1378 3705 autem
1401 3659 1522 3706 novum
1545 3644 1605 3707 hoc
1639 3644 1860 3708 observantiae

1110 3737 1142 3798 in
1157 3737 1388 3799 haucsauctam
1401 3737 1510 3800 sedem
1527 3738 1760 3812 testimonium,
1774 3741 1858 3818 quod

1110 3830 1291 3894 litterarum
1323 3829 1426 3903 serie,
1461 3839 1493 3894 et
1521 3833 1721 3910 expositione
1753 3833 1860 3896 dilecti

1113 3923 1168 3986 dlii
1190 3925 1433 3988 bonaventurae
1455 3924 1495 3987 de
1514 3922 1680 3998 Surrento,
1704 3927 1858 4004 capucini,

1113 4033 1216 4096 nuper
1237 4016 1393 4089 detulisti,
1418 4017 1591 4095 perlibenti
1613 4019 1720 4082 auimo
1742 4020 1860 4099 accepi·

1113 4125 1193 4183 mus,
1211 4117 1308 4188 teque
1324 4109 1547 4172 charissimum
1562 4111 1596 4173 in
1611 4110 1738 4174 Christo
1757 4112 1858 4174 filium

1113 4209 1261 4266 nostrum
1293 4205 1325 4266 in
1354 4204 1424 4265 eius
1460 4219 1595 4281 persona
1628 4205 1861 4268 benevolenter

1112 4297 1250 4376 amplexi
1275 4313 1397 4360 sumus.
1807 4349 1815 4364 ,

1151 4390 1227 4464 Ouia
1248 4405 1327 4454 vero
1357 4390 1425 4468 pios
1450 4407 1484 4452 ac
1513 4391 1694 4455 lructuosos
1722 4392 1859 4466 labores,

1112 4499 1192 4562 quos
1215 4485 1247 4546 in
1269 4485 1363 4546 vinea
1385 4483 1442 4546 ista
1464 4484 1590 4546 Domini
1613 4485 1719 4549 dilecti
1743 4487 1800 4550 dlii
1822 4504 1861 4549 er

1113 4577 1226 4640 ordine
1248 4576 1476 4656 capucincrum
1498 4583 1632 4640 strenue
1658 4579 1860 4658 impendunt,

1114 4671 1191 4733 tanti
1213 4671 1330 4734 merito
1346 4671 1431 4743 iacis,
1449 4687 1508 4733 nos
1523 4671 1581 4733 tibi
1603 4679 1636 4734 et
1653 4672 1779 4751 populis
1793 4673 1862 4735 istis

1113 4779 1182 4826 rem
1217 4770 1338 4841 gratam
1367 4771 1400 4826 et
1424 4764 1595 4827 salutarem
1628 4773 1789 4844 praestare
1810 4784 1863 4829 cu·

1114 4858 1249 4937 pientes,
1274 4858 1352 4920 alios
1375 4875 1415 4920 er
1437 4859 1550 4920 eodem
1583 4859 1729 4921 instituto
1751 4859 1863 4938 proba·

1115 4959 1163 5014 tae
1184 4952 1314 5014 virtutis
1337 4968 1371 5014 ac
1397 4951 1458 5014 zeli
1485 4952 1668 5030 operarios,
1702 4954 1762 5015 sub
1783 4953 1864 5032 llya·

1113 5047 1223 5108 cintho
1245 5063 1260 5106 a
1283 5044 1435 5116 vetralla,
1460 5045 1632 5125 praelecto,
1650 5045 1756 5109 isthuc
1778 5048 1864 5111 dele·

1115 5139 1244 5216 gandos,
1267 5139 1300 5200 in
1322 5155 1473 5217 praesens
1495 5155 1565 5202 esse
1588 5139 1757 5213 duximus,
1782 5156 1863 5203 nova

1114 5232 1251 5295 subinde
1273 5231 1447 5310 spiritualis
1469 5232 1544 5295 boni
1566 5249 1600 5296 ae
1628 5233 1791 5314 proiectus
1813 5235 1863 5296 ad-

1116 5327 1256 5388 iumenta
1289 5325 1475 5388 huiusmodi
1507 5342 1564 5404 pro
1594 5343 1631 5389 re
1656 5343 1690 5390 ae
1717 5334 1864 5406 tempore

1115 5419 1297 5483 suffecturi:
1323 5421 1405 5482 sicut
1426 5421 1538 5483 eadem
1562 5419 1785 5483 benevolentia
1806 5421 1864 5482 im·
1915 5425 1918 5434 '

1117 5671 1254 5722 maiestate
1269 5679 1358 5722 vestra
1374 5678 1498 5730 tractata,
1508 5677 1541 5724 ad
1551 5676 1619 5722 alias
1632 5677 1739 5724 litteras
1749 5681 1775 5724 et
1786 5678 1864 5724 breve

1114 5744 1298 5800 apostolicum,
1320 5745 1388 5802 quod
1410 5744 1473 5789 dicti
1495 5747 1585 5801 patres
1603 5755 1691 5790 secum
1707 5749 1823 5802 portant,
1838 5751 1865 5790 et

1115 5811 1247 5856 advivam
1266 5812 1360 5858 horum
1376 5822 1463 5856 vocem
1480 5822 1521 5855 me
1540 5812 1701 5868 remitteres,
1715 5813 1864 5859 maiestatis

1116 5883 1218 5924 vestrae
1234 5889 1329 5924 munus
1344 5878 1489 5932 exosculor,
1504 5881 1552 5924 etc.

1155 5949 1262 6001 Romae,
1277 5957 1315 5990 rrr.
1331 5945 1445 5992 octobris
1460 5957 1607 5992 nncxuvrrr.

1155 6013 1185 6069 (1)
1202 6013 1293 6068 rugio,
1308 6014 1357 6058 loc.
1372 6013 1425 6067 eit,
1441 6024 1497 6069 pag.
1517 6015 1561 6056 192.

1799 595 1839 662 25
1897 595 1946 652 dn.
1960 595 1988 654 G.
2004 592 2073 651 tote
