4814 6998
542 569 601 636 306

522 723 672 772 cesanum
704 703 911 767 seminarium
942 705 1083 762 exercet.
1121 695 1147 756 16
1180 692 1274 755 66166

522 801 666 864 61666661
701 796 879 860 academiae
915 801 1007 872 eaput
1038 800 1070 855 et
1102 801 1274 865 supremus

522 893 707 956 moderator
728 897 786 953 est.
811 890 930 954 Coetus
945 883 1202 950 consiliariorum
1221 877 1271 940 vel

522 975 1273 1048 moderatorumacademiaeconsultationistan-

523 1087 589 1142 tum
614 1085 718 1156 partes
739 1077 846 1139 babet.

563 1174 653 1250 get.
687 1172 808 1235 Electio
840 1171 983 1241 rectoris,
1020 1165 1209 1245 inspectoris
1243 1169 1275 1224 et

524 1267 743 1346 professorum
766 1265 943 1328 academiae
966 1263 1003 1324 ab
1026 1259 1274 1337 archiepiscopo

523 1361 578 1424 det
599 1375 639 1424 ex
661 1359 816 1423 relatione
838 1357 962 1420 consilii
985 1353 1166 1417 academici.
1189 1349 1274 1424 0666

521 1457 554 1517 16
586 1452 825 1518 66116616111111
853 1451 1045 1531 praescripta
1073 1453 1162 1517 sunt,
1187 1444 1274 1506 bisce

522 1547 733 1613 electionibus
755 1548 832 1609 item
855 1551 1014 1625 aptantur.

563 1643 652 1718 §²5-
677 1640 878 1703 Professores
908 1646 940 1700 et
970 1635 1108 1699 adiuncti
1131 1631 1273 1694 seientia-

522 1751 596 1799 rnm
619 1735 876 1811 theologicarum
899 1747 1028 1810 semper
1061 1745 1100 1791 ex
1129 1725 1275 1790 ecclesia-

523 1830 609 1894 sticis
630 1829 709 1890 viris
731 1828 908 1906 eliguntur.
943 1825 1003 1888 6111
1031 1822 1174 1900 magistri
1198 1820 1274 1897 eligi

522 1929 678 2002 poterunt
699 1937 739 1984 ex
760 1920 845 1984 laicis
872 1919 1058 1982 catholicam
1081 1917 1275 1994 religionem

524 2029 688 2078 romanam
712 2011 949 2092 6666166111166,
977 2009 1081 2086 116666
1112 2006 1275 2087 praehabi-

525 2109 576 2181 tis,
593 2109 647 2186 qui
664 2107 846 2170 studiorum
863 2103 1060 2166 curriculum
1077 2101 1276 2165 coniecerim

524 2203 558 2264 iu
579 2201 687 2279 aliquo
709 2200 831 2262 maiore
851 2197 980 2276 imperii
996 2197 1164 2266 athenaeo,
1182 2201 1276 2270 atque

526 2295 721 2358 academicos
745 2295 862 2371 gradus
884 2293 1006 2355 luerint
1027 2289 1230 2366 consequuti.

563 2386 648 2464 666.
664 2387 885 2450 Conscientiae
902 2387 1120 2448 moderatores
1132 2383 1277 2445 alumno-

529 2499 601 2546 rum
624 2491 693 2546 tnm
722 2481 879 2559 cuiusque
910 2480 1086 2550 seminarii,
1112 2487 1179 2540 tum
1212 2494 1277 2538 aca-

527 2577 662 2648 demiae,
687 2575 808 2638 nullam
838 2575 898 2637 sibi
919 2581 1074 2650 arrogent
1096 2579 1220 2649 partem
1244 2571 1277 2631 in

526 2671 693 2750 dirigenda
715 2670 854 2732 instituti
869 2667 1051 2746 disciplina3
1075 2666 1134 2744 ipsi
1155 2665 1278 2742 eligen-

527 2773 579 2828 tur
609 2771 641 2826 et
674 2763 928 2826 nominabuntur
954 2761 991 2822 ab
1014 2761 1191 2840 Episcopo,
1225 2757 1277 2818 vel

529 2857 788 2936 brebiepiscopo.

567 2951 658 3028 527.
682 2951 756 3012 Post
777 2965 892 3012 noram
916 2947 1112 3009 dioecesium
1143 2946 1278 3008 circum·

530 3045 738 3123 scriptionem
760 3041 1027 3120 Arcbiepiscopus
1057 3039 1159 3102 semel
1184 3047 1216 3102 et
1247 3039 1279 3100 16

530 3146 723 3218 6666616661
735 3153 808 3199 6616
820 3135 1061 3200 ordinariorum
1075 3133 1279 3196 (6661116616-

531 3239 794 3296 1661666166616
817 3229 1035 3300 alumnorum,
1059 3229 1113 3304 qni
1136 3228 1172 3289 ab
1204 3244 1280 3289 nna-

529 3342 657 3406 quaqne
679 3324 817 3388 dioecesi
840 3323 876 3386 ad
898 3321 1089 3384 academiam
1107 3321 1190 3382 mitti
1213 3331 1280 3398 661-

531 3427 639 3483 66661.

570 3515 589 3590 ς
610 3512 659 3576 28.
683 3513 893 3590 Programma
913 3512 1094 3574 studiorum
1113 3526 1170 3589 pro
1186 3507 1280 3570 semi-

530 3606 628 3668 nariis
650 3606 818 3684 redigetur
841 3605 877 3667 ab
893 3604 1076 3683 Episcopis3
1101 3621 1159 3683 pro
1175 3603 1267 3665 acade

532 3704 594 3762 mia
609 3701 646 3762 ab
662 3700 922 3779 archiepiscopo,
937 3704 1105 3777 postquam
1122 3713 1191 3759 rem
1207 3713 1280 3760 cum

534 3811 593 3856 suo
614 3795 793 3858 academico
815 3795 949 3858 consilio
975 3792 1160 3854 contulerit.

571 3891 589 3965 ἓ
611 3887 660 3950 aa.
684 3887 853 3965 Postquam
877 3887 1009 3964 regulae
1031 3885 1210 3948 academiae
1232 3902 1281 3948 66-

530 3980 724 4045 616616611666
746 3981 924 4059 Petropolis
941 3981 1192 4043 modificationes
1208 3980 1282 4041 sub·

531 4075 628 4137 ierint
662 4073 846 4137 conformes
881 4073 1052 4145 institutis,
1090 4075 1129 4136 de
1165 4073 1282 4150 quibus

533 4169 565 4231 in
579 4167 845 4246 praecedentibus
857 4167 999 4229 articulis
1012 4177 1208 4230 conventum
1221 4174 1280 4240 est,

533 4262 801 4342 archiepiscopus
817 4261 1066 4324 llobilowiensis
1082 4261 1121 4324 de
1137 4261 1202 4338 ipsa
1217 4278 1284 4323 aca-

533 4357 638 4419 demia
659 4355 848 4419 relationem
872 4357 909 4418 ad
931 4355 962 4418 S.
981 4354 1097 4418 Sedem
1114 4355 1220 4418 mittet
1235 4355 1281 4417 illi

535 4467 654 4528 parem,
672 4465 766 4528 qnam
785 4450 1052 4528 archiepiscopus
1064 4449 1283 4511 Varsaviensis

532 4543 769 4607 Choromanslxi
800 4544 954 4614 coniecit,
992 4559 1092 4620 quum
1126 4544 1284 4606 academia

534 4637 745 4702 ecclesiastica
767 4638 863 4700 1111166
884 4637 1020 4699 civitatis
1042 4636 1103 4698 luit
1124 4639 1281 4700 restituta.

574 4729 663 4806 §dit
687 4731 890 4809 Ubicumque
912 4732 960 4793 ins
983 4737 1168 4809 patronatus
1201 4731 1282 4794 baud

534 4827 653 4898 existit,
671 4827 724 4888 161
746 4842 804 4904 666
820 4833 967 4904 tempore
982 4831 1033 4886 est
1048 4825 1282 4896 intermissum,

534 4921 742 4982 nominantur
767 4920 804 4983 ab
826 4919 983 4998 Episcopo
1012 4919 1140 4996 parochi
1163 4918 1283 4981 Guber-

534 5014 588 5076 nio
610 5014 692 5076 baud
709 5013 837 5091 ingrati,
855 5015 985 5093 praevio
1001 5014 1149 5075 examine
1165 5020 1285 5075 61666-

534 5124 631 5170 cursu
664 5108 749 5171 16166
781 5108 963 5171 6666166166
993 5109 1082 5172 iuxta
1111 5107 1240 5185 regulas
1270 5123 1285 5168 a

533 5201 678 5264 Concilio
700 5203 889 5266 Tridentino
912 5205 1133 5281 praescriptas.

575 5296 594 5370 ὅ
616 5294 666 5357 31.
690 5295 821 5374 Templa
849 5296 1001 5359 6611161166
1031 5311 1160 5358 6661666
1184 5296 1286 5358 1111666

536 5395 727 5467 reparantur
747 5406 822 5453 aere
844 5391 1124 5462 communitatum,
1150 5389 1203 5452 vel
1225 5389 1273 5467 pri

537 5491 687 5545 vatorum
704 5483 886 5558 hominum,
904 5485 957 5562 qui
974 5484 1160 5546 huiusmodi
1177 5499 1286 5546 curam

537 5577 700 5656 suscipere
723 5579 835 5640 velint.
873 5578 1144 5656 Quotiescumque
1172 5594 1286 5640 eornm

538 5673 626 5733 vires
648 5673 731 5734 baud
755 5673 950 5745 sufficerent,
981 5673 1148 5751 imperiale
1171 5673 1287 5750 guber-

537 5767 628 5828 uinm
652 5766 740 5828 adire
762 5775 926 5845 poterunt,
950 5774 986 5828 nt
1009 5766 1185 5832 necessaria
1214 5766 1287 5828 sub·

1043 573 1233 623 iuncturus
1256 571 1313 617 SEU
1338 567 1551 616 CONCORDATA

1330 689 1407 750 sidia
1431 690 1606 752 obtineant.
1630 685 1809 750 Consilium
1832 684 1974 764 capietur
1997 697 2078 746 nora

1330 783 1515 846 aedificandi
1540 782 1660 860 templa
1683 788 1715 843 61
1730 779 1951 858 paroeciarum
1967 793 2079 838 nume-

1331 892 1403 938 rum
1426 877 1576 953 augendi,
1601 891 1703 953 quum
1724 874 1754 936 id
1786 872 1927 950 postulet
1953 870 2080 948 16166-

1331 969 1397 1046 puli
1421 970 1671 1040 incrementum,
1689 968 1740 1030 vel
1757 967 1855 1029 nimia
1871 965 2079 1028 existentium

1330 1063 1550 1140 paroeciarum
1574 1061 1749 1140 amplitudo
1772 1068 1804 1122 et
1818 1059 2081 1121 communicatio-

1331 1171 1409 1216 num
1432 1141 1611 1218 ditilcultas‘.

1372 1249 1490 1312 Roniae
1512 1250 1530 1312 3
1552 1249 1679 1326 augusti
1704 1247 1791 1310 18117.

1673 1529 1739 1594 Vll.

1483 1719 1652 1782 Consentio
1675 1721 1760 1781 inter
1781 1715 1875 1780 Pium
1895 1717 1936 1780 111

1352 1820 1382 1876 et
1404 1812 1585 1876 Praecidam
1615 1810 1814 1892 Reipublicae
1843 1811 1985 1876 Baliarica
2003 1811 2050 1891 (1)

1658 1909 1761 1968 1851.

1375 2094 1444 2157 Art.
1469 2095 1497 2156 1.
1515 2094 1556 2156 La
1579 2095 1718 2172 religion
1741 2094 1880 2164 catolica,
1900 2095 2083 2172 6666161166,

1336 2203 1467 2250 6661666
1490 2187 1678 2251 6661166666
1700 2187 1811 2249 616666
1834 2188 1863 2250 16
1885 2187 2023 2264 religion
2046 2188 2085 2248 de

1335 2281 1362 2343 la
1385 2282 1548 2361 republica
1571 2280 1765 2352 66Β611616,
1790 2297 1809 2358 y
1830 2297 1865 2342 se
1894 2280 2085 2342 6666666666

1333 2375 1556 2454 6166666666
1588 2376 1678 2438 16666
1705 2374 1753 2437 166
1785 2375 1942 2436 661661166
1972 2389 1991 2451 6
2015 2389 2086 2451 666-

1334 2470 1494 2547 rogativas
1516 2471 1555 2532 de
1578 2485 1641 2546 que
1663 2469 1745 2530 debe
1778 2483 1886 2545 gozar,
1920 2483 2023 2544 segon
2056 2467 2086 2528 la

1335 2564 1386 2642 166
1409 2564 1543 2626 debias
1567 2580 1584 2642 6
1609 2565 1653 2626 166
1676 2561 2087 2642 61666616166666616666-

1335 2659 1450 2734 grados
1472 2658 1621 2720 6666666.

1375 2763 1443 2826 Art.
1467 2766 1496 2826 Ξ.
1521 2765 1568 2826 En
1591 2765 1831 2835 consecuencia,
1856 2763 1884 2824 la
1905 2761 2087 2824 euserianza

1336 2857 1443 2920 66166
1469 2859 1722 2930 6616666166666,
1754 2857 1908 2934 colegios,
1943 2856 2087 2918 escuelas

1337 2951 1516 3030 6611116666
1552 2952 1696 3030 66116666
1729 2967 1748 3029 6
1781 2951 1889 3013 666166
1922 2949 2089 3012 6616111661-

1336 3047 1475 3107 61166166
1497 3047 1536 3106 66
1559 3046 1767 3117 16616666166,
1799 3044 1868 3106 6666
1884 3042 2091 3106 6661666166

1336 3139 1364 3200 16
1386 3139 1529 3202 66616166
1552 3137 1591 3200 66
1613 3138 1640 3200 16
1663 3139 1779 3200 misma.
1790 3138 1930 3215 religion
1945 3135 2091 3199 66161166.

1337 3233 1361 3294 Α
1384 3233 1452 3294 6616
1475 3233 1530 3304 66,
1555 3232 1602 3294 166
1623 3231 1756 3309 01116666
1779 3247 1797 3310 6
1832 3231 2009 3293 6661666166
2042 3229 2094 3290 16-

1337 3327 1418 3388 cales
1442 3327 1575 3388 tendran
1604 3327 1632 3388 la
1664 3327 1745 3388 libre
1778 3324 1939 3387 direccion
1971 3325 2010 3386 de
2042 3323 2094 3386 las

1337 3420 1479 3482 catedras
1502 3419 1541 3481 de
1563 3418 1703 3497 teolegio
1725 3435 1744 3498 6
1767 3419 1806 3482 66
1828 3417 1968 3481 derecho
1996 3419 2094 3479 6666-

1337 3515 1409 3574 6166
1432 3530 1451 3592 6
1474 3513 1513 3575 116
1536 3513 1697 3576 16666166
1720 3529 1826 3574 ramus
1848 3513 1888 3574 de
1908 3510 2096 3574 6666666661

1339 3607 1562 3680 6661661661166,
1586 3621 1605 3686 6
1627 3607 1643 3667 6
1660 3607 1725 3668 1666
1741 3607 1780 3668 66
1797 3605 2095 3682 16166666616666

1339 3700 1503 3778 ejerceran
1540 3718 1580 3764 66
1610 3700 1720 3763 166666
1753 3700 1792 3763 66
1823 3715 1860 3760 66
1894 3698 2094 3771 1616161666,

1339 3794 1435 3857 sobre
1457 3794 1485 3856 la
1507 3795 1681 3857 educaciou
1703 3795 1852 3872 religiosa
1875 3795 1914 3856 de
1932 3793 1960 3854 16
1972 3792 2095 3870 juven-

1341 3889 1407 3960 tud,
1431 3888 1561 3951 relaran
1584 3904 1707 3966 porquc
1730 3903 1770 3950 en
1793 3888 1821 3950 16
1847 3885 2027 3950 6666116666
2050 3886 2096 3948 66

1339 3979 1505 4057 666166166
1527 3987 1599 4044 6166
1621 3991 1774 4042 6661666
1801 3979 1880 4058 haya
1910 3979 1988 4041 nada
2016 3993 2096 4039 con-

1340 4075 1475 4136 1666166
1498 4074 1525 4136 16
1548 4073 1687 4151 religion
1710 4091 1728 4152 6
1751 4074 1767 4134 6
1790 4073 1953 4137 16616661.

1379 4169 1447 4230 1161.
1468 4170 1497 4230 3.
1516 4167 1576 4229 Los
1591 4167 1725 4246 Obispos
1740 4167 1953 4229 66666666666
1969 4167 2094 4228 6616116-

1340 4277 1393 4323 mo
1415 4279 1452 4323 su
1475 4262 1614 4324 dereebo
1647 4263 1686 4324 de
1715 4277 1849 4323 censura
1876 4261 1972 4323 sobre
1999 4261 2093 4322 todos

1340 4355 1388 4417 166
1410 4355 1510 4418 1111666
1532 4373 1551 4434 6
1574 4355 1719 4426 66661166,
1736 4370 1800 4431 666
1817 4361 1935 4430 166666
1950 4353 2093 4416 66166166

1339 4450 1369 4511 61
1391 4451 1518 4528 dogma,
1542 4451 1558 4510 6
1580 4451 1609 4512 16
1630 4449 1794 4526 disciplina
1816 4449 1855 4510 de
1877 4449 1906 4510 la
1935 4447 2049 4525 lglesia
2073 4464 2092 4526 y

1341 4545 1356 4604 6
1379 4545 1407 4606 16
1430 4545 1530 4606 166661
1555 4545 1695 4623 publica:
1721 4561 1739 4622 6
1763 4543 1792 4605 61
1810 4543 1967 4619 gobierno
1982 4541 2093 4604 dello-

1341 4639 1415 4699 livia
1437 4639 1623 4701 6666666166
1645 4653 1704 4699 666
1730 4637 1778 4699 166
1807 4636 1929 4698 6166166
1962 4637 2093 4713 6666166

1341 4732 1381 4794 (16
1403 4748 1439 4794 66
1463 4732 1627 4794 661661666
1651 4731 1666 4792 6
1682 4737 1831 4793 66616661
1847 4731 1892 4792 166
1907 4729 2094 4808 6166661616-

1342 4838 1410 4896 666,
1435 4826 1783 4902 6666116616166666,
1808 4823 1976 4887 66616666
1997 4825 2013 4884 6
2043 4823 2093 4885 166

1341 4919 1492 4994 sagrados
1514 4920 1652 4981 canones
1675 4935 1748 4996 para
1765 4919 1881 4980 tutelar
1896 4918 1925 4980 la
1939 4917 2092 4995 religion,

1342 5029 1361 5090 6
1384 5013 1486 5075 611166
1509 5015 1584 5076 16116
1607 5013 1637 5075 16
1660 5029 1723 5091 666
1747 5013 1879 5091 61161666
1907 5012 1992 5075 66616
2019 5027 2094 5073 con-

1342 5109 1452 5170 trario.
1958 5119 1961 5126 '

1383 5201 1452 5263 661.
1475 5202 1504 5262 i,
1530 5201 1649 5264 Siendo
1671 5203 1700 5264 el
1723 5201 1875 5264 Pontidce
1897 5200 1927 5262 el
1956 5199 2024 5261 Jele
2053 5199 2093 5261 de

1343 5295 1371 5357 la
1393 5295 1504 5372 lglesia
1529 5295 1694 5358 universal
1717 5313 1775 5374 por
1804 5295 1944 5356 66666116
1970 5294 2091 5366 616166,

1344 5397 1431 5452 16616
1463 5389 1511 5451 166
1543 5387 1676 5468 01116666
1704 5405 1796 5451 como
1830 5389 1860 5451 el
1892 5387 1980 5450 61666
2011 5404 2031 5466 6
2063 5387 2095 5450 61

1343 5483 1462 5561 6661116
1489 5485 1624 5547 1666666
1651 5484 1732 5545 libre
1764 5483 2004 5545 comunicacion
2034 5497 2095 5543 con

1343 5577 1372 5638 la
1395 5575 1489 5640 Sauta
1518 5577 1611 5641 Sede.

1385 5671 1453 5734 661.
1478 5675 1507 5734 b.
1532 5673 1570 5734 El
1593 5673 1750 5750 gobierno
1772 5669 1938 5733 Boliviano
1960 5688 1994 5731 se
2010 5685 2097 5732 com-

1346 5767 1530 5845 666166166
1554 5779 1726 5828 conservas
1748 5764 1776 5826 la
1799 5765 1943 5826 66166166
1974 5764 2014 5834 66
2047 5763 2096 5824 166

579 5983 609 6038 ql)
627 5983 661 6025 Ex
677 5985 704 6026 F.
720 5985 738 6026 1.
755 5985 878 6037 lleruaez,
896 5987 1032 6026 Collccttcar
1050 5986 1081 6025 de
1098 5987 1187 6034 1111166,
1203 5985 1612 6034 1116666661166(1661161611166,
1631 5981 1679 6024 vol.
1697 5983 1736 6034 11„
1752 5993 1776 6036 6.
1791 5981 1838 6024 661,
