4884 6994
538 545 599 612 376

578 679 673 744 chiali
700 687 733 744 et
761 680 957 744 monasterio
988 679 1020 743 S.
1045 679 1130 742 Petri
1161 678 1275 741 Laudi-

575 774 698 838 veteris
727 771 853 838 Ordinis
877 773 909 838 S.
933 773 1111 846 Benedicti,
1136 772 1274 850 eiusque

579 866 714 930 annexis
737 873 769 930 et
787 867 1057 946 dependentibus,
1076 867 1153 930 olim
1169 865 1276 946 plena·

580 959 628 1022 rie
650 960 733 1022 anit.
758 959 863 1024 eidem
891 959 1041 1037 collegio,
1065 959 1164 1022 ullam
1188 965 1275 1037 pote-

579 1059 695 1116 statem
717 1059 772 1116 aut
792 1053 1045 1116 iurisdietionem
1070 1059 1134 1115 tam
1151 1051 1276 1114 ordina-

581 1145 662 1208 riam
684 1161 781 1224 quam
799 1145 978 1224 delegatam
994 1152 1155 1216 exerceat,
1173 1159 1276 1221 usque

583 1239 621 1302 ad
649 1238 885 1318 beneplacitum
920 1239 952 1301 S.
984 1237 1093 1312 Sedis,
1128 1238 1277 1300 translata

582 1332 715 1396 interim
730 1333 950 1396 iurisdictione
966 1332 1153 1395 huiusmodi
1167 1333 1200 1394 in
1213 1331 1276 1394 lle-

583 1427 814 1505 tropolitannm
836 1425 1094 1490 Hediolanensis.
1120 1425 1169 1488 66.

648 1611 970 1679 INNOCENTIUS
998 1611 1065 1677 ΡΡ.
1092 1612 1153 1678 XI.

523 1799 546 1864 1.
567 1800 615 1864 lld
631 1801 858 1864 demissionem
875 1801 1022 1880 Episcopi
1038 1801 1274 1880 Heliopolitani.

585 1894 618 1958 in
640 1894 754 1957 insulis
776 1895 964 1974 Philippinis
980 1896 1113 1968 detenti,
1132 1895 1276 1957 mandata

517 2010 521 2031 r
585 1987 710 2056 Garolo.
725 1985 947 2066 Hispaniarum
965 1989 1047 2065 regi,
1063 1987 1186 2066 expetit
1200 1988 1279 2050 Pon-

524 2172 561 2236 ιι.
585 2074 821 2249 ggIIragff'regi
843 2169 957 2250 (longi,
982 2173 1122 2236 eundem
1154 2182 1278 2252 patrem

1134 563 1232 608 INDEX
1254 563 1466 609 bubulcariam

1332 678 1368 742 ll.
1393 679 1551 744 condolet
1567 680 1732 759 Episcopis
1749 681 1921 746 Hiberniae
1937 683 1977 745 ob
1992 683 2089 746 iidem

1394 791 1410 835 a
1429 787 1532 852 regno
1548 774 1660 853 pulsis,
1678 781 1712 837 ei
1727 776 1764 838 ad
1781 791 1894 838 eorum
1911 783 2089 854 egestatem

1392 865 1562 930 levandam
1577 883 1612 930 se
1624 867 1804 930 subsidium
1818 869 1993 932 missurum
2005 885 2087 932 nun-

1393 959 1454 1022 ciat
1474 961 1545 1038 regi
1567 961 1600 1023 in
1623 959 1731 1024 Galliis
1754 961 1896 1039 degenti.
1921 960 1970 1024 66.

1333 1050 1382 1114 lll.
1406 1051 1502 1130 Regis
1525 1052 1675 1116 Poloniae
1704 1054 1847 1117 studium
1870 1056 2030 1134 praedicat
2050 1055 2083 1118 in

1393 1145 1456 1208 ilde
1474 1147 1557 1223 apud
1573 1146 1792 1208 schismaticos
1808 1149 2011 1226 propaganda
2026 1147 2084 1210 im-

1394 1253 1544 1316 pensum,
1568 1240 1634 1317 qui,
1653 1241 1792 1303 reductis
1808 1241 1870 1304 iam
1888 1257 1946 1318 per
1960 1241 2087 1318 Episco-

1393 1347 1470 1411 pum
1493 1331 1657 1395 Winnichi
1672 1333 1965 1406 Premisliensibus
1982 1334 2085 1396 adhuc

1393 1425 1491 1488 instat
1512 1427 1545 1488 in
1568 1425 1833 1504 Leopoliensibus
1850 1435 1882 1490 et
1896 1427 2088 1491 Luceorien-

1394 1519 1483 1582 sibus
1506 1520 1708 1584 reducendis.
1733 1520 1812 1584 lbid.

1334 1611 1386 1675 ιιι.
1411 1612 1553 1676 Postulat
1573 1631 1590 1676 a
1612 1629 1690 1690 rege
1714 1615 1884 1678 Persarum
1907 1622 1943 1678 ut
1959 1615 2088 1677 veniam

1395 1707 1548 1770 concedat
1563 1707 1720 1786 Episcopo
1731 1707 1962 1788 llspahamensi
1975 1715 2007 1770 et
2017 1707 2090 1770 Car·

1396 1799 1515 1862 melitis
1548 1799 1748 1864 Discalceatis
1781 1802 1938 1864 redeundi
1971 1803 2008 1864 ad
2038 1817 2092 1863 ur·

1395 1892 1482 1966 bem,
1506 1911 1522 1954 a
1545 1907 1606 1970 qua
1629 1894 1713 1972 pulsi
1737 1893 1865 1958 lucrant
1879 1895 2017 1958 instante
2033 1895 2089 1956 hr-

1398 1987 1600 2065 chiepiscopo
1616 1987 1759 2050 Armeno
1781 1989 1994 2050 schismatico.
2020 1986 2068 2050 70.

1337 2077 1375 2142 V.
1399 2078 1547 2158 Regnum
1570 2081 1730 2143 'lunchini
1753 2099 1769 2143 a
1791 2082 1931 2144 dioecesi
1950 2081 2090 2144 Hachao-

1398 2174 1501 2244 nansi,
1526 2174 1613 2237 iuxta
1635 2175 1780 2246 modum,
1805 2181 1940 2253 separat.
1964 2175 2062 2238 lbid..

585 2267 720 2330 fratrem
742 2257 883 2328 'Paulum
913 2267 1116 2330 Franciscum
1144 2287 1160 2330 a
1182 2269 1279 2331 Portu
1338 2265 1388 2329 Vl.
1412 2266 1580 2328 Praesules
1603 2283 1636 2329 ac
1658 2267 1772 2330 lldeles
1794 2268 1965 2331 Hiberniae
1981 2269 2090 2330 mullis

585 2361 735 2432 dlauritii,
759 2376 832 2422 cum
860 2361 953 2423 sociis
975 2361 1010 2422 ad
1035 2361 1183 2439 Congum
1206 2380 1277 2442 pro-

586 2454 795 2524 ficiscentem,
820 2455 1033 2517 commendat.
1059 2455 1137 2518 lbid.

527 2545 577 2609 ιιι.
597 2546 821 2610 Gratissimum
837 2547 986 2610 accidisse
999 2547 1195 2626 intelligere,
1208 2549 1280 2630 Epi-

587 2654 719 2718 scopum
744 2639 1015 2720 Heliopolitanum
1038 2641 1194 2716 alioruin,
1212 2643 1280 2705 His·
1308 2684 1310 2739 l

588 2733 754 2812 paniarum
770 2749 860 2810 rege,
878 2734 1085 2798 humanitatis
1102 2737 1211 2800 officiis
1227 2753 1279 2799 er-

588 2835 729 2907 ceptum,
753 2835 890 2892 testatur
912 2829 1070 2894 Pontifex.
1094 2831 1144 2894 63.

527 2919 580 2984 lv.
604 2919 788 2999 Respondet
814 2921 1035 3000 Metropolitae
1064 2925 1212 2987 Rutheno
1236 2932 1281 2986 to·
1308 2912 1310 2929 '

1397 2360 1437 2424 ob
1466 2359 1563 2422 lldem
1593 2361 1819 2423 vexationibus
1847 2369 1930 2424 actos
1958 2362 2091 2424 commi·

1396 2469 1525 2525 serane,
1556 2453 1593 2516 ad
1622 2455 1898 2532 perseverantiam
1929 2455 2088 2528 hortatur,

1397 2547 1548 2625 exemplo
1571 2547 1668 2609 etiam
1691 2563 1805 2610 eorum
1829 2556 1968 2626 patrum,
1992 2559 2026 2612 et
2047 2549 2091 2610 eis

1397 2641 1497 2702 olllcia
1518 2643 1656 2719 spondet
1677 2657 1711 2703 ac
1731 2641 1886 2719 praesidia
1903 2657 1961 2721 pro
1975 2658 2090 2704 eornm

1396 2734 1515 2797 salute:
1543 2735 1706 2813 praesules
1729 2751 1808 2797 vero
1827 2736 2033 2814 peculiariter
2048 2735 2090 2798 al-

1397 2827 1552 2904 loquitur,
1571 2835 1606 2890 ut
1628 2827 1759 2890 sedulae
1782 2827 1976 2906 populorum
1996 2845 2091 2891 curae

1397 2919 1577 2982 intendant.
1601 2919 1650 2982 71.

590 3015 656 3076 tius·
674 3015 803 3077 Hussiae
825 3015 885 3078 sibi
907 3017 1071 3079 nuncianti
1087 3018 1227 3080 reditum
1243 3020 1279 3080 ad
1338 3010 1402 3074 Vll.
1427 3011 1605 3074 Confirmat
1625 3013 1889 3092 aggregationem
1916 3031 2092 3092 congrega-

588 3107 762 3172 Ecclesiam
785 3109 971 3173 catholicam
995 3110 1141 3189 Episcopi
1160 3111 1280 3191 Leopo-

587 3201 698 3265 liensis
720 3203 867 3266 eiusdem
894 3204 985 3274 ritus,
1010 3218 1152 3280 eumque
1174 3204 1280 3268 laudat

590 3295 629 3357 ob
653 3311 783 3373 operam
806 3295 839 3357 in
862 3311 898 3357 ea
920 3311 955 3358 re
977 3297 1169 3374 impensam.
1201 3297 1279 3360 lbid.

528 3387 567 3452 V.
590 3387 789 3451 Patriarcbae
812 3388 1029 3451 Alexandrino
1047 3391 1227 3466 gratulatur
1242 3390 1281 3454 de

1399 3107 1494 3170 tionis
1523 3105 1554 3170 S.
1579 3108 1700 3170 Patrilii
1729 3109 1762 3169 in
1784 3107 1935 3170 Hibernia
1956 3125 2092 3186 congre·

1399 3202 1518 3280 galloni
1548 3201 1777 3264 canonicorum
1806 3201 2007 3278 regularium
2036 3202 2091 3264 La·

1400 3296 1620 3357 teranensium
1642 3310 1716 3357 cum
1733 3295 1921 3358 eorumdem
1940 3295 2092 3358 constitn-

1400 3388 1525 3452 tionum
1548 3387 1745 3466 receptione.
1771 3388 1819 3450 72.

588 3481 656 3546 eius
689 3498 762 3544 cunr
795 3482 935 3545 Ecclesia
967 3483 1119 3546 catholica
1149 3486 1281 3547 coniun-
1340 3481 1418 3545 Vlll.
1443 3480 1661 3544 confirmatur
1677 3481 1843 3544 decretum
1860 3480 1980 3558 Gongr.
1994 3480 2091 3544 (lonc.

590 3575 707 3638 ctione.
730 3573 780 3636 bl.

527 3667 580 3732 Vl.
611 3667 692 3730 Loca
720 3675 826 3730 sancta
859 3667 1054 3731 Palaestinae
1083 3687 1100 3732 a
1128 3670 1281 3734 iratribus

590 3759 695 3826 Sancti
718 3761 885 3834 Prancisci,
909 3762 1109 3836 sicutenim,
1127 3763 1280 3826 custodiri

591 3855 746 3918 decernit.
772 3855 849 3918 lbid.

528 3947 594 4012 vll.
612 3949 1119 4028 Respondeassignificationibus
1131 3950 1282 4014 obedien-

1398 3590 1497 3652 super
1528 3574 1723 3651 obligatione
1755 3575 1968 3654 parochorum
1996 3575 2093 3653 appli-
2205 3573 2207 3578 '

1398 3670 1488 3732 candi
1509 3669 1701 3732 sacrificium
1722 3685 1780 3748 pro
1797 3669 1916 3748 populo
1931 3669 1964 3730 in
1980 3669 2091 3732 diebus

1400 3761 1534 3826 lestiris.
1560 3761 1608 3825 73.

1338 3855 1390 3920 ιιι.
1415 3856 1475 3919 Pro
1497 3855 1660 3919 catholicis
1682 3857 1863 3919 Britanniae
1885 3862 1954 3918 orat
1970 3861 2006 3916 ui
2020 3855 2093 3918 sub·

1399 3949 1550 4012 leventur
1572 3950 1604 4011 in
1627 3965 1742 4012 eorum
1765 3950 1940 4012 aerumnis.
1965 3948 2014 4012 74.

590 4041 652 4105 tiae
674 4059 689 4104 a
711 4042 859 4106 fidelibus
889 4043 1047 4106 Tunchini
1078 4061 1136 4124 per
1159 4044 1282 4107 litteras
1339 4043 1378 4106 X.
1401 4042 1558 4106 condolet
1579 4043 1659 4120 Regi
1681 4043 1863 4105 Britanniae
1886 4043 1925 4105 oh
1948 4043 2092 4105 saevissi-
2135 4071 2138 4079 ·

590 4136 769 4214 expressis,
801 4137 990 4214 praesertim
1019 4137 1053 4200 in
1080 4138 1280 4202 subiectione

589 4227 721 4291 vicariis
744 4229 932 4308 apostolicis
948 4230 1121 4302 exhibitae,
1140 4247 1195 4294 eos
1211 4247 1282 4310 per-

590 4337 741 4384 severare
771 4323 879 4394 iubet,
911 4339 945 4384 ac
975 4323 1130 4386 certiores
1162 4324 1278 4394 reddit.

589 4414 667 4478 alios
683 4415 901 4479 missionarios
918 4414 987 4479 Soc.
1006 4417 1088 4490 lesu,
1103 4423 1139 4479 ut
1153 4424 1278 4495 petunt.

590 4525 625 4571 se
648 4509 824 4572 missurum
853 4509 922 4573 loco
944 4510 1077 4573 illorum
1107 4511 1162 4588 qui
1191 4525 1283 4573 revo-

590 4603 650 4670 cati
672 4601 810 4666 lucrant.
835 4601 884 4666 66.

649 4789 954 4858 ALEXANDER
978 4791 1045 4856 ΡΡ.
1071 4789 1164 4856 VIII.

532 4977 554 5041 l.
571 4977 706 5041 innovat
720 4984 753 5040 et
767 4978 936 5042 conllrmat
949 4977 1056 5040 literas
1071 4975 1191 5040 Urbani
1203 4975 1270 5040 vill

591 5071 693 5142 Alias,
715 5079 825 5135 contra
846 5071 1028 5134 detinentes
1051 5070 1133 5133 bona
1154 5070 1192 5134 ad
1208 5070 1283 5133 Ter-

591 5181 660 5228 ram
683 5163 828 5228 Sanctam
851 5165 1056 5244 pertinentia.
1080 5163 1131 5226 67.

648 5351 970 5476 INNOCENTIUNS
994 5351 1062 5418 ΡΡ.
1087 5349 1167 5417 XII.

531 5537 555 5601 l.
578 5537 681 5602 Dellet
707 5553 896 5611 aerumnas,
927 5503 1044 5700 qffbus
1074 5551 1132 5600 rex
1160 5535 1284 5598 Britan·

592 5632 664 5695 niae
690 5639 722 5695 et
743 5631 876 5695 Hiberni
903 5631 954 5694 adi
973 5631 1088 5694 inntur
1110 5631 1150 5692 ob
1172 5630 1281 5702 tidem,

593 5734 626 5790 et
652 5727 689 5790 ad
718 5742 831 5805 regem
863 5725 962 5788 mittit
991 5724 1109 5802 viginti
1139 5723 1283 5802 quinque

593 5820 693 5883 millia
708 5827 885 5890 scutorum.
899 5826 936 5882 ut
949 5819 1119 5899 praedictis
1136 5817 1284 5882 lldelibus

594 5914 782 5993 opituletur.
805 5911 855 5977 66.

1400 4152 1467 4198 mas
1489 4135 1579 4212 leges
1601 4135 1634 4197 in
1656 4133 1790 4213 angliae
1812 4135 1984 4200 catholicos
2003 4135 2090 4209 latas,

1399 4230 1431 4290 ri
1460 4243 1597 4306 quarum
1627 4229 1679 4291 rel
1713 4230 1848 4291 exilium
1879 4238 1911 4294 et
1939 4231 2092 4293 iacturam

1401 4321 1574 4393 bonorum,
1599 4321 1653 4383 rel
1675 4321 1772 4384 fidem
1799 4323 1946 4384 amittere
1973 4337 2095 4398 cogun-

1401 4422 1469 4478 tur:
1495 4429 1584 4493 spem
1608 4421 1716 4477 tamen
1738 4415 1771 4476 in
1787 4415 1923 4478 Domino
1939 4431 2014 4477 eum
2030 4415 2093 4478 col·

1400 4509 1505 4572 locare
1527 4508 1630 4580 docet,
1648 4509 1744 4585 elque
1765 4508 1862 4570 simul
1876 4507 2013 4586 spondet
2028 4507 2094 4570 offl-

1400 4603 1445 4666 cia
1460 4617 1517 4664 sua
1531 4601 1614 4680 apud
1630 4602 1792 4681 principes
1807 4601 1990 4665 catholicos.
2013 4601 2091 4664 lbid.

1520 4787 1714 4860 CLEMEN
1720 4787 1742 4852 S
1769 4786 1836 4852 ΡΡ.
1854 4787 1916 4852 XI.

1275 5025 1281 5039 .
1341 4977 1363 5040 ι.
1387 4977 1580 5056 Episcopum
1604 4973 1812 5052 Bugiensem
1835 4972 1996 5036 Vicarium
2012 4972 2094 5052 Spo-

1400 5071 1550 5136 stolicum
1579 5069 1785 5140 Comacinae,
1815 5069 2032 5131 missionarios
2061 5074 2094 5131 et

1401 5163 1524 5236 fideles,
1542 5164 1597 5241 qui
1619 5162 1879 5241 persecutionem
1897 5163 1931 5224 in
1946 5161 2010 5224 illis
2025 5177 2094 5240 par·

1400 5258 1485 5322 tibus
1509 5257 1743 5414 (patiebantur,
1783 5263 1916 5334 paterne
1950 5254 2092 5319 consola·

1401 5359 1465 5416 tur.
1489 5351 1507 5414 7
1531 5398 1539 5414 .

1340 5445 1377 5510 ιι.
1393 5443 1539 5524 Acceptis
1554 5459 1569 5506 a
1584 5458 1664 5521 rege
1676 5441 1868 5522 Aethiopiae
1883 5441 2011 5513 litteris.
2025 5441 2094 5519 qni-

1400 5539 1460 5602 bus
1475 5537 1715 5616 significabatur
1732 5535 1836 5614 ipsura
1853 5550 1965 5614 regem
1981 5535 2019 5598 ad
2031 5550 2095 5598 am·

1401 5631 1603 5711 plectendam
1631 5645 1705 5694 cnm
1734 5628 1875 5694 Romana
1900 5629 2040 5693 Ecclesia
2060 5629 2094 5690 in

1402 5726 1491 5790 cultu
1519 5724 1710 5789 christianae
1741 5723 1816 5786 ssdei
1844 5723 2000 5788 unitatem
2022 5736 2094 5800 pro·

1401 5835 1541 5900 pensum
1569 5833 1650 5893 esse,
1679 5834 1755 5882 eum
1784 5817 1880 5880 enine
1908 5815 2095 5879 adhortatur

1402 5912 1441 5976 ad
1462 5912 1664 5992 propositum
1686 5909 1926 5988 exequendum.
1950 5907 2000 5972 77.
