4884 6994
699 553 723 622 c
933 569 1031 620 tuear
1054 569 1299 620 atanaeerteos
1509 553 1533 622 G

379 691 579 758 duhbclhu
602 695 634 756 in
655 709 740 756 nevo
762 710 865 771 regne
885 693 1090 756 constituitur

340 785 503 863 Delegatie
532 786 590 866 hp.
616 785 652 848 V.
679 784 890 862 tumueras
919 786 1090 864 Delegatus

339 879 397 957 Ap.
422 881 607 944 nominatur
623 879 694 951 lli*,
711 879 786 956 239,
804 880 1004 942 Athenarum
1027 880 1091 957 epi-

339 973 473 1051 scopalis
493 975 625 1037 ecclesia
644 975 676 1035 iu
695 974 998 1054 archiepiscopalem
1017 988 1091 1036 eve-

340 1065 428 1128 hitur
440 1075 500 1129 etc.
515 1065 587 1140 lll*‚
602 1065 661 1128 ΝΟ
674 1075 706 1130 et
717 1067 788 1142 2713
805 1085 839 1128 ac
853 1065 945 1128 titulo
957 1066 1091 1128 mineris

342 1157 488 1220 basilicae
510 1159 681 1221 decoratur
705 1157 774 1228 lll*,
798 1159 868 1220 372.

380 1251 548 1314 obuncis
565 1253 721 1328 cuiusque
740 1259 839 1314 status
856 1260 887 1314 et
902 1253 1093 1316 conditionis

340 1345 533 1423 prohibetur
545 1348 693 1424 pecunias
710 1346 770 1408 sub
782 1361 988 1424 quecumque
1005 1363 1092 1425 prac-

343 1447 431 1500 textu
454 1455 612 1517 quaerere
633 1450 693 1504 ete.
717 1441 752 1511 ll,
777 1441 846 1503 tra.

381 1530 843 1597 duduco-trutchindum
860 1536 1091 1612 Episeeperum

342 1626 519 1688 iurisdictio
535 1635 596 1690 etc.
613 1627 662 1698 lll,
682 1628 755 1702 lai,
774 1629 971 1690 Patriarchae
994 1637 1095 1689 traus-

342 1720 481 1782 mittitur
498 1721 641 1799 pallium,
659 1721 788 1783 adiectis
805 1722 959 1784 mandatis
976 1729 1008 1782 et
1022 1736 1095 1781 eru-

342 1814 518 1878 ditionibus
540 1817 728 1893 opportunis
744 1814 793 1885 lll‚
814 1815 887 1890 t37;
905 1816 949 1876 Ad
967 1815 1095 1892 Episco-

343 1923 399 1985 pos
439 1909 623 1970 extenditur
660 1908 789 1971 facultas
822 1908 1025 1986 dispensandi
1056 1908 1094 1968 ab

343 2001 543 2065 abstinentiis
574 2004 661 2064 iuxta
688 2003 882 2066 decretalem
916 2002 1096 2066 berterada*

345 2101 410 2156 test
426 2103 486 2156 etc.
505 2095 553 2168 lll,
570 2097 677 2160 selec
691 2095 768 2171 275;
785 2096 1000 2158 Latinizaotes
1018 2097 1095 2160 ritui

345 2203 442 2265 quem
454 2190 624 2266 elegerint,
638 2198 795 2268 perpetuo
807 2193 1004 2268 aggregandi
1021 2200 1097 2254 sunt

344 2281 392 2354 lll,
402 2279 473 2358 561,
488 2283 685 2346 Patriarchae
699 2285 896 2360 significatur
912 2285 1096 2362 approbatio

345 2377 608 2439 constitutionum
643 2377 893 2447 monachorum,
924 2378 962 2439 ab
991 2393 1095 2456 eoque

345 2469 523 2546 postulatur
541 2486 626 2541 cura,
645 2487 686 2533 ue
703 2471 818 2532 herum
835 2473 1043 2562 congregatio
1058 2474 1096 2535 ab

345 2563 452 2641 alique
475 2571 613 2626 vexetur
635 2573 696 2627 etc.
715 2564 763 2636 lll,
780 2563 857 2639 667,
880 2565 973 2627 Nulla
996 2567 1097 2628 decla-

346 2665 435 2719 ratur
456 2658 610 2720 abdicatio
627 2660 856 2736 patriarchatus
872 2679 887 2722 a
907 2660 1029 2738 Cyrillo
1044 2661 1094 2722 lll.

345 2751 466 2828 absque
482 2749 514 2814 S.
533 2750 622 2814 Sedis
645 2769 804 2815 censensu
827 2754 916 2825 lacta,
933 2755 1023 2815 irrita
1039 2755 1096 2832 igr·

346 2853 398 2907 tur
421 2845 535 2908 electio
567 2848 739 2910 sacerdotis
765 2847 888 2924 ignatii,
913 2850 967 2924 qui
1001 2849 1096 2911 etiam

345 2939 378 3000 in
393 2940 641 3018 suspensionem
657 2942 803 3012 incurrit,
821 2956 967 3018 novaque
983 2942 1097 3004 electio

347 3033 382 3094 ad
407 3031 523 3095 Sedem
546 3035 604 3111 Ap.
622 3050 693 3096 esse
715 3035 866 3097 devoluta
889 3034 940 3106 Ν,
957 3034 1014 3111 49,
1035 3037 1098 3098 Au-

347 3127 492 3188 cteritate
512 3143 560 3205 ap.
578 3127 745 3190 coulertur
768 3128 983 3207 patriarchalis
999 3131 1098 3192 ecele-

1819 549 1878 618 tor

1145 711 1160 752 a
1190 693 1349 764 censuris,
1380 699 1440 756 ete.
1470 692 1520 767 Ν,
1551 691 1630 770 erm
1658 691 1898 771 Archiepiscepi

1145 784 1260 848 electio
1289 787 1467 849 declaratur
1499 787 1603 860 nulla,
1635 796 1668 850 et
1687 788 1747 850 sub
1769 802 1896 850 excom-

1146 879 1371 941 mnuicationis
1395 896 1495 956 poena
1518 881 1709 958 prehibetur
1734 881 1828 942 lectio
1850 898 1897 942 ea-

1147 971 1294 1034 techismi
1317 973 1521 1052 aliorumque
1545 991 1679 1052 eperum
1703 974 1845 1036 deluneti
1861 973 1897 1036 d.

1147 1064 1256 1128 Adami
1274 1065 1324 1136 Ν,
1341 1067 1417 1140 eta,
1433 1067 1650 1130 confirmatur
1663 1067 1834 1147 postulatio
1847 1067 1899 1128 Pa-

1148 1159 1303 1221 triarcbae
1334 1169 1366 1222 et
1388 1161 1526 1224 mittitur
1557 1161 1688 1240 pallium
1712 1159 1763 1232 Ν,
1786 1159 1846 1222 558
1868 1167 1900 1222 et

1146 1250 1218 1326 561,
1231 1252 1407 1330 Deploratis
1419 1255 1670 1316 dissensionibus
1684 1257 1761 1316 ortis
1774 1271 1813 1317 ex
1825 1269 1900 1331 qua-

1148 1346 1219 1406 dam
1236 1345 1386 1424 opinione
1403 1348 1483 1409 circa
1499 1349 1716 1411 Eucharistiae
1736 1365 1900 1412 cousecra-

1150 1440 1281 1510 tionem,
1299 1440 1430 1502 iubetur
1452 1441 1511 1503 sub
1528 1441 1666 1504 delinitis
1688 1443 1799 1521 poenis
1819 1442 1899 1504 nihil

1149 1532 1299 1594 alllrmari
1316 1533 1367 1595 vel
1384 1533 1523 1606 delendi,
1537 1543 1569 1596 et
1581 1543 1756 1597 renovatur
1773 1552 1900 1598 ercem-

1149 1626 1322 1688 municatie
1339 1629 1371 1688 in
1387 1627 1533 1704 legentes
1550 1627 1602 1689 vel
1619 1632 1796 1690 retinentes
1811 1629 1846 1690 d.
1862 1630 1902 1690 A·

1150 1721 1234 1782 dami
1258 1736 1364 1798 opera,
1389 1721 1491 1782 denec
1515 1720 1613 1784 Sedes
1636 1721 1695 1800 hp.
1720 1723 1758 1784 de
1782 1723 1830 1784 his
1854 1731 1902 1786 tu·

1151 1813 1225 1875 lerit
1244 1813 1396 1876 iudicium
1420 1813 1472 1886 Ν,
1495 1813 1573 1890 olt;
1597 1816 1795 1878 Patriarcbae
1817 1833 1901 1878 cem-

1152 1909 1289 1970 mittitur
1322 1911 1508 1972 aucteritate
1531 1925 1579 1988 ap.
1606 1911 1780 1987 praeficere
1805 1909 1902 1988 Bery-

1150 2003 1250 2064 stensi
1271 2004 1348 2065 eccl.
1377 2003 1539 2079 Archiep„
1564 2003 1740 2066 dummodo
1764 2013 1824 2066 etc.
1849 2002 1900 2076 Ν,

1151 2092 1227 2170 704,
1252 2095 1372 2158 Electie
1396 2097 1469 2157 nevi
1493 2095 1730 2175 Archiepiscepi
1753 2097 1903 2175 llierape-

1151 2188 1240 2250 lilani
1265 2187 1300 2260 V,
1317 2188 1374 2264 293
1400 2189 1597 2251 patriarchae
1619 2189 1770 2252 scribitur
1792 2191 1831 2252 de
1850 2206 1903 2251 au-

1152 2281 1228 2344 xilie
1253 2283 1431 2360 principum
1448 2282 1590 2361 expetito
1603 2299 1659 2361 pro
1676 2283 1824 2346 lidelibus
1841 2293 1900 2346 etc.

1152 2375 1270 2451 ΗΝ,
1284 2376 1502 2438 Confirmatur
1513 2375 1628 2439 electio
1644 2377 1854 2452 Patriarchae,
1873 2387 1904 2441 et

1154 2471 1225 2532 huic
1250 2471 1389 2532 mittitur
1405 2470 1535 2549 pallium
1562 2469 1612 2542 Ν,
1630 2471 1690 2534 258
1710 2479 1743 2534 et
1757 2471 1833 2547 act,
1851 2473 1904 2534 Pa-

1152 2565 1308 2626 triarcbae
1330 2565 1530 2642 significatur
1545 2565 1706 2628 Pentilicis
1729 2567 1847 2630 laetitia
1864 2568 1904 2629 ob

1152 2659 1222 2720 eius
1244 2674 1352 2721 curam
1378 2661 1409 2721 in
1432 2661 1576 2736 regende
1600 2669 1660 2722 etc.
1680 2659 1729 2734 Ν,
1746 2660 1822 2736 2933
1847 2661 1904 2722 lle·

1153 2753 1905 2833 ploranturaususquatuorEpiscoperumcen-

1154 2855 1200 2908 tra
1211 2847 1506 2924 promulgationem
1519 2847 1694 2910 kalendarii
1707 2849 1903 2925 gregoriani,

1153 2955 1292 3016 quorum
1323 2941 1545 3017 improbantur
1573 2948 1638 3002 acta
1667 2950 1727 3003 ete.
1753 2939 1803 3013 Ν,
1827 2939 1903 3014 306,

1155 3033 1277 3095 libenti
1291 3035 1398 3095 anime
1411 3033 1568 3111 excipitur
1581 3035 1747 3098 Sardeusis
1759 3035 1906 3114 Episcopi

1153 3128 1323 3189 detestatio
1351 3136 1514 3200 actorum,
1545 3144 1626 3204 quae
1655 3137 1766 3192 contra
1790 3145 1906 3207 grege-

347 3220 391 3282 sia
414 3220 662 3300 Archiepiseepe
684 3221 932 3301 llierapolitane,
954 3225 1004 3286 eui
1027 3240 1099 3302 pro·
1154 3221 1233 3282 riani
1250 3221 1425 3282 kalendarii
1449 3223 1742 3300 promulgationem
1765 3224 1833 3301 ipse
1855 3240 1905 3302 pa-

348 3313 446 3378 lessie
469 3315 541 3378 [idei
564 3331 636 3378 cum
661 3316 822 3378 fidelitatis
850 3318 1031 3380 iuramento
1053 3319 1099 3380 in·
1155 3315 1251 3377 travit
1272 3323 1333 3377 etc.
1358 3313 1405 3386 Ν,
1423 3315 1499 3390 318,
1517 3317 1561 3378 lle
1577 3318 1774 3380 abdicatione
1796 3325 1828 3379 et
1842 3317 1906 3379 sul·

349 3409 464 3470 dieitur
480 3416 539 3470 etc.
553 3407 604 3478 Ν,
620 3409 675 3484 51,
693 3410 868 3486 Ablegatus
884 3412 942 3489 hp.
960 3413 1101 3474 mittitur
1154 3406 1293 3470 lectione
1316 3409 1516 3472 Patriarcbae
1531 3409 1682 3473 allocutio
1701 3409 1748 3482 Ν,
1766 3411 1845 3487 laih
1863 3411 1906 3473 lle

349 3518 471 3564 nerum
494 3503 705 3567 Patriarcham
722 3505 863 3581 eligendi
884 3522 985 3578 causa,
1004 3506 1101 3568 lacui·
1155 3505 1321 3576 facultate,
1345 3505 1494 3582 Archiep.
1519 3521 1685 3578 concessa,
1716 3505 1907 3584 disponendi

350 3596 466 3660 tatibus
481 3597 658 3662 instructus
673 3599 709 3662 ad
727 3599 919 3661 rationalem
940 3601 1098 3678 synodum
1155 3599 1297 3676 plurium
1316 3599 1485 3660 missarum
1502 3597 1752 3662 celebrationem
1767 3605 1826 3660 etc.
1841 3595 1905 3670 Vll,

349 3693 584 3754 convocandam
602 3700 662 3755 etc.
677 3691 727 3764 Ν,
740 3691 797 3770 56,
814 3693 1012 3757 Patriarcbae
1027 3711 1100 3756 con·
1157 3692 1225 3770 188,
1239 3693 1283 3756 lle
1295 3693 1398 3755 terma
1411 3693 1619 3771 prolessionis
1631 3695 1828 3757 orthodoxae
1845 3701 1905 3756 etc.

225 3849 228 3858 ,
351 3784 498 3846 firmatur
520 3785 646 3858 electio,
664 3787 759 3863 eique
783 3787 1010 3865 praescribitur
1026 3787 1099 3849 fidei
1156 3802 1187 3848 v.
1211 3787 1271 3851 sub
1294 3787 1394 3848 verbo
1416 3785 1517 3850 Fidei.

350 3875 508 3953 professio
523 3885 596 3950 etc,
611 3879 726 3942 deinde
743 3879 875 3958 pallium
893 3881 1031 3944 mittitur
1046 3878 1097 3952 Ν,
1196 3879 1490 3953 cucumerum,
1511 3881 1643 3946 lslaode
1665 3890 1697 3944 et
1717 3881 1846 3944 Ferreis
1868 3883 1907 3944 tle

352 3968 409 4031 tdo
430 3978 462 4033 et
486 3969 560 4047 105,
586 3972 782 4036 Patriarcbae
814 3975 1025 4036 committitur
1054 3975 1099 4037 in·
1156 3974 1268 4036 insulis
1300 3991 1316 4034 a
1350 3972 1474 4036 vicarie
1505 3975 1563 4054 lip.
1594 3975 1905 4054 septemtrionalium

350 4065 480 4140 quirere
510 4065 542 4126 in
566 4081 715 4142 personas
738 4075 770 4128 et
791 4067 906 4144 scripta
928 4067 963 4130 G.
990 4067 1099 4130 hdami
1156 4068 1346 4130 missionum
1369 4068 1625 4145 dependentibus
1648 4083 1678 4128 v.
1703 4061 1840 4132 Deoida.

350 4167 383 4221 et
399 4158 493 4220 huius
515 4159 689 4232 lautorum,
707 4161 827 4238 quibus
845 4161 1033 4238 apostelicae
1051 4162 1099 4226 lit·
1196 4159 1456 4224 GUh'llllALhE
1485 4177 1515 4222 r.
1541 4162 1600 4223 suh
1622 4162 1723 4224 verbe
1744 4161 1908 4226 Americue

350 4259 437 4312 terae
467 4249 567 4332 Sapor
594 4253 756 4317 aedilitate
777 4264 810 4315 et
831 4255 1001 4317 doctorem
1028 4255 1101 4336 fidei
1155 4261 1255 4318 ecetr.

350 4346 597 4409 subscribendae
610 4343 784 4410 mittuntur
797 4357 857 4411 etc.
872 4347 923 4421 Ν,
937 4347 1011 4425 teo,
1029 4351 1100 4412 Ser·
1194 4349 1372 4411 GUlNEAE
1395 4364 1425 4410 v.
1450 4351 1510 4410 sub
1533 4350 1633 4412 verbe
1656 4349 1797 4430 Africae.

351 4447 423 4503 vate
438 4441 470 4502 in
487 4439 603 4503 luturis
624 4441 834 4504 electionibus
850 4443 921 4504 iure
936 4443 1098 4514 ecclesiae,
1195 4443 1449 4506 GYULAENSIS
1480 4443 1684 4520 aliorumque
1716 4445 1907 4508 archidiace-

353 4532 426 4595 huic
449 4535 632 4612 praeficitur
654 4535 798 4612 basylius
821 4536 1021 4614 Haraetengi,
1045 4538 1101 4614 qui
1155 4543 1288 4598 natuum
1304 4534 1465 4598 districtus
1480 4537 1845 4614 adhrmenepelitauam
1859 4555 1908 4600 ec-

352 4628 497 4690 munitur
528 4636 685 4706 potestate
719 4630 907 4706 providendi
937 4631 1101 4692 matrime·
1126 4634 1128 4647 '
1155 4629 1285 4692 clesiam
1318 4637 1497 4708 spectantes
1526 4645 1583 4707 pre
1608 4629 1761 4692 ilemenis
1791 4638 1851 4692 etc.
1875 4646 1906 4692 v.

351 4722 412 4783 niis
436 4721 569 4785 nulliter
591 4723 770 4794 contractis,
788 4723 974 4786 absolvendi
989 4723 1101 4785 fideles
1125 4654 1129 4780 A
1160 4723 1424 4803 l'roamleeoiec.

1105 4959 1158 5042 H

393 5189 617 5254 thlClENSl
633 5191 672 5254 de
684 5192 762 5254 eccl.
780 5192 1026 5271 metropolitana
1042 5200 1102 5254 eto.

352 5303 383 5350 v.
408 5285 629 5366 Leopelt'eesis.

393 5381 599 5444 llhlllBUllGl
621 5382 827 5444 constituitur
857 5381 1029 5443 residentia
1053 5379 1103 5442 Vi·

353 5475 430 5537 carii
451 5475 509 5553 Ap.
534 5475 725 5537 missionum
747 5474 936 5536 Germaniae
965 5483 1104 5552 septem·

354 5569 540 5631 trienalium
564 5577 623 5630 ete.
642 5566 678 5640 ll,
696 5569 756 5632 ΝΞ
771 5566 823 5648 Ν.
841 5569 936 5630 etiam
952 5567 1102 5648 Decide).

395 5661 569 5726 HEBRAlll
590 5679 621 5726 r.
646 5661 848 5726 ludaeorum.

395 5755 591 5819 hubalbus
619 5756 743 5820 insulae
775 5757 941 5820 l'icariatui
968 5758 1026 5835 hp.
1051 5773 1106 5818 ne·

355 5852 440 5914 riter
461 5851 636 5914 constituto
658 5849 859 5928 assignantur
880 5850 931 5924 Ν,
954 5849 1024 5913 680.

396 5944 625 6008 uuuturtau
655 5945 818 6008 catholicis
849 5946 980 6008 occultis
1008 5961 1107 6007 sacra-

1161 5200 1308 5256 mentum
1331 5193 1590 5257 confirmationis
1611 5193 1796 5257 conierendi
1814 5193 1910 5256 lacul-

1161 5295 1206 5348 tas
1222 5287 1376 5349 tribuitur
1390 5287 1447 5366 llp.
1462 5297 1523 5350 etc.
1537 5285 1589 5356 Ν,
1603 5285 1673 5363 ΞΝ,
1690 5287 1772 5350 Unie
1787 5287 1910 5349 dioece-

1160 5381 1244 5441 sium
1258 5381 1352 5443 Uran.
1366 5389 1400 5443 et
1413 5379 1603 5459 Subsylran.
1617 5381 1755 5444 dioecesi
1771 5381 1910 5444 Basileae

1161 5471 1199 5546 ll,
1213 5475 1264 5550 23,
1280 5473 1439 5538 Universe
1451 5475 1539 5537 clere
1554 5483 1686 5551 questus
1698 5474 1858 5538 Pontillcis
1871 5475 1910 5536 de

1161 5577 1323 5632 conventu
1347 5567 1457 5631 Badeo
1478 5585 1494 5630 a
1516 5569 1602 5630 laicis
1624 5568 1742 5640 habite,
1766 5576 1799 5632 et
1822 5583 1911 5630 erre·

1162 5677 1236 5724 rum
1258 5663 1360 5725 abhis
1378 5663 1410 5726 in
1433 5680 1471 5724 ee
1487 5663 1728 5726 adfirmatorum
1752 5663 1911 5725 damnatio

1167 5755 1201 5829 l,
1220 5757 1296 5832 ΝΞ,
1319 5757 1617 5820 Excemmuuicatio
1638 5756 1764 5837 lesephi
1786 5755 1823 5818 H.
1842 5756 1912 5818 llei-

1162 5851 1244 5914 kens
1266 5852 1401 5928 eiusque
1423 5850 1584 5913 lautorum
1609 5850 1680 5926 lll*,
1704 5851 1777 5928 aet,
1798 5852 1913 5916 Catho-

1163 5946 1215 6009 lici
1227 5963 1340 6010 omnes
1351 5949 1607 6010 commenedunt
1618 5948 1657 6010 de
1669 5949 1824 6012 damnatis
1840 5948 1912 6012 hae·
