4836 7002
318 535 372 596 An.
385 535 413 594 G.
428 533 498 594 7775

555 532 613 596 am

1057 549 1302 594 tua.rour.bu
1325 550 1354 594 R
1379 550 1559 596 r.rnust.

304 683 345 721 tus
358 677 514 721 missionum
536 667 691 744 ponendis
707 667 828 745 poenis,
845 667 971 727 vicariis
994 666 1173 744 apostolicis
1196 680 1285 743 prae·
1340 674 1372 728 et
1393 667 1462 730 lore
1484 682 1625 744 suosque
1648 667 1807 745 plenarios
1830 673 1863 728 77
1885 667 2029 742 integros
2044 666 2091 728 el-

303 733 351 775 sub
372 730 461 792 poenis
476 741 515 774 nr-

303 784 405 828 777777
435 784 515 840 impo-

303 837 402 882 nendis.

320 2171 445 2216 clausula
459 2171 517 2214 sub·

302 2225 357 2269 lata
381 2229 407 2270 et
430 2225 516 2268 decre·

303 2281 361 2322 tum
376 2278 495 2324 irritans.

535 760 626 822 uictis
648 759 796 822 iubemus
823 767 855 822 et
883 760 1110 837 praecinimus,
1135 768 1170 821 ut
1198 759 1284 836 quis·
1340 759 1441 823 lectus
1464 762 1573 823 sortiri
1595 767 1628 823 et
1644 760 1801 833 obtinere,
1819 778 1853 823 ac
1867 759 1992 832 illis,ad
2010 774 2089 836 quos

535 868 609 931 que.
627 853 659 914 in
682 869 776 924 anno,
794 853 949 930 quolibet,
971 853 1159 915 relationem
1184 859 1283 914 status
1338 861 1458 930 spectat
1490 861 1522 916 et
1552 870 1611 932 770
1643 861 1788 932 tempore
1821 853 2090 930 quandocumque

534 963 611 1009 suae
633 948 830 1024 respectivae
853 947 1014 1008 missionis
1038 947 1133 1008 modo
1152 947 1189 1007 ad
1206 945 1282 1008 dile-

534 1047 620 1102 ctum
652 1039 754 1102 fllium
782 1047 928 1101 nostrum
960 1039 1120 1101 Andream
1151 1038 1283 1102 Sanctae

533 1134 693 1196 Romanae
729 1133 888 1197 Ecclesiae
923 1133 1124 1196 Cardinalem
1157 1133 1282 1195 Corsini

534 1235 765 1306 nuncupatum,
782 1235 815 1289 et
835 1229 951 1290 deinde
970 1229 1005 1289 ad
1022 1229 1120 1290 alium
1138 1227 1282 1289 eiusdem

534 1321 666 1384 Sanctae
700 1321 859 1384 Romanae
892 1322 1050 1384 Ecclesiae
1081 1321 1282 1384 cardinalem

535 1431 592 1493 pro
611 1424 758 1493 tempore
773 1415 805 1476 in
821 1415 890 1476 eius
906 1416 1012 1478 locum
1028 1433 1044 1476 a
1060 1416 1151 1476 nobis
1168 1423 1199 1476 et
1213 1431 1282 1476 777-

2050 543 2053 553 ’
2119 529 2180 588 an.
2193 531 2222 590 G.
2236 531 2307 590 7775

1339 947 1503 1024 spectabit,
1527 947 1559 1008 in
1592 947 1741 1009 omnibus
1764 953 1796 1009 et
1819 963 1876 1026 ner
1897 947 2002 1008 omnia
2027 947 2091 1024 ple·
2176 977 2179 982 ¹

1339 1041 1472 1101 nissime
1503 1041 1670 1118 suffragari
1703 1047 1735 1102 et
1765 1041 1803 1102 ab
1835 1040 1880 1102 eis
1912 1039 2091 1115 respective

1338 1132 1568 1195 inviolabiliter
1601 1133 1785 1206 observari;
1808 1135 1918 1210 sicque
1947 1133 1978 1193 in
2002 1148 2091 1210 prae-

1339 1227 1444 1288 missis
1468 1243 1523 1304 777
1539 1242 1761 1304 quoscumque
1776 1227 1896 1288 iudices
1910 1226 2090 1287 ordinarios

1338 1329 1370 1382 et
1392 1321 1555 1397 delegatos
1578 1322 1673 1382 etiam
1699 1337 1865 1382 causarum
1889 1320 1993 1398 palatii
2019 1335 2090 1398 ano-

1338 1415 1441 1476 stolici
1454 1415 1615 1476 auditores
1628 1413 1760 1476 iudicari
1776 1421 1807 1475 et
1819 1413 1945 1476 definiri
1959 1414 2089 1485 debere,

534 1509 713 1572 cessoribus
730 1510 847 1570 nostris
860 1510 1009 1572 Romanis
1025 1507 1229 1570 Pontificibus
1246 1509 1281 1570 ad
1338 1525 1372 1570 ac
1394 1509 1522 1570 irritum
1546 1516 1578 1570 77
1599 1509 1704 1580 inane,
1729 1509 1754 1569 77
1776 1525 1867 1570 77777
1889 1525 1987 1586 super
2008 1508 2055 1568 bis
2074 1526 2090 1569 a

533 1603 563 1665 id
587 1603 820 1679 designandum
842 1611 873 1664 et
888 1604 1106 1681 deputandum
1123 1604 1282 1664 transmit·
1339 1618 1513 1680 quoquam,
1531 1603 1642 1679 quavis
1666 1604 1864 1674 auctoritate,
1881 1603 2021 1664 scienter
2037 1603 2088 1666 vel

536 1705 604 1758 tere
627 1697 758 1759 omnino
781 1697 927 1768 debeant.
945 1706 981 1760 77
1002 1697 1076 1758 7777
1093 1695 1167 1774 quid
1185 1697 1218 1758 in
1234 1713 1282 1759 ea·
1310 1712 1313 1763 t
1339 1699 1527 1774 ignoranter
1548 1696 1721 1773 contigerit
1743 1697 1902 1758 attentari.

535 1792 684 1852 rumdem
712 1791 902 1852 missionum
928 1792 1083 1852 maiorem
1111 1791 1283 1852 utilitatem
1311 1782 1313 1873 l
1379 1794 1397 1867 ἐ
1426 1792 1454 1853 7.
1478 1791 1548 1854 Non
1578 1791 1778 1853 obstantibus
1807 1792 2089 1854 constitutionibus
2118 1812 2334 1872 nonannoean-

535 1893 566 1946 et
587 1885 824 1947 incrementum
854 1884 1059 1945 statuendum
1085 1885 1136 1952 sit,
1161 1891 1284 1946 matura

535 1978 766 2041 deliberatione
788 1978 926 2041 adbibita
949 1994 1005 2056 per
1027 1994 1085 2039 nos
1104 1987 1136 2040 et
1152 1979 1282 2040 eosdem

535 2088 737 2135 successores
759 2080 884 2135 nostros
907 2074 1152 2150 praescribatur.

576 2169 593 2242 ἓ
622 2165 651 2228 6.
675 2166 892 2228 Decernentes
922 2168 1004 2244 ipsas
1034 2175 1219 2245 praesentes
1249 2167 1283 2230 li·

538 2269 619 2322 teras
641 2261 760 2332 firmas,
784 2260 902 2323 validas
925 2267 958 2322 et
982 2260 1123 2322 efficaces
1146 2261 1285 2322 existere

1340 1895 1372 1948 et
1403 1885 1656 1947 ordinationibus
1693 1885 1872 1963 apostolicis
1908 1887 2088 1962 ceterisque

1340 1981 1508 2042 contrariis
1531 1978 1801 2055 quibuscumque.
1992 1987 1994 1992 ’

1381 2073 1494 2135 Datum
1523 2072 1652 2142 Romae,
1683 2073 1764 2150 apud
1789 2070 1820 2134 S.
1846 2071 1973 2134 Mariam
1997 2072 2089 2135 Maio-

1340 2183 1422 2238 rem,
1445 2167 1505 2228 sub
1526 2166 1645 2228 annulo
1671 2165 1849 2236 piscatoris,
1877 2166 1927 2228 die
1953 2181 2005 2227 xx.
2034 2183 2089 2228 no-

1340 2259 1482 2322 vembris
1501 2275 1715 2332 77777777,
1733 2267 1821 2337 7077.
1840 2261 1941 2321 nostrl
1956 2277 2006 2321 an.
2026 2277 2054 2320 v.

2109 1869 2264 1910 trartorum.
