4814 6998
864 620 1055 670 'l'RRG'l'A'l'US
1075 620 1132 668 SEU
1154 621 1368 671 CONCORDRTR

376 742 465 818 gil.
491 741 573 804 Cum
602 741 798 804 decimarum
827 747 1003 820 proventus
1034 737 1087 801 de·

336 837 472 900 stinatus
487 837 527 896 sit
542 836 578 898 ad
597 837 742 899 divinum
759 837 880 899 cultum
896 833 1084 904 lovendum,

335 945 505 1008 sacrosque
539 931 704 992 ministros
731 930 873 1002 alendos,
897 929 1086 1006 Aequatoris

334 1025 536 1104 Guberpium
560 1023 656 1086 iidem
673 1040 760 1086 suam
786 1023 958 1099 obstringit
972 1023 1086 1084 adser-

335 1118 470 1181 vandam
494 1119 525 1180 in
548 1118 719 1196 Republica
736 1119 817 1182 banc
832 1116 1017 1180 catholicam
1040 1116 1086 1178 in·

335 1211 548 1283 stitutionem,
565 1219 598 1274 et
613 1211 768 1274 Sanctitas
784 1209 846 1274 Sua
866 1211 1034 1288 permittit,
1051 1217 1087 1270 ut

333 1305 533 1368 Gubernium
556 1316 669 1384 pergat
694 1306 861 1384 percipere
884 1305 1010 1368 tertiam
1032 1305 1085 1366 de-

333 1399 489 1460 cimarum
513 1407 648 1478 partem.
670 1397 759 1473 Quod
775 1405 880 1460 autem
898 1399 1038 1476 pertinet
1048 1401 1084 1462 ad

334 1492 510 1568 exigendos
532 1492 865 1569 administrandosque
887 1493 1083 1555 decimarum

333 1585 493 1657 redditus,
517 1601 659 1664 congrua
691 1587 753 1648 erit
784 1587 979 1648 conficienda
1003 1587 1086 1648 ordi·

333 1678 428 1748 natio,
453 1677 574 1740 collatis
596 1677 682 1740 inter
705 1679 950 1742 ecclesiasticam
977 1685 1009 1740 et
1030 1679 1084 1741 lai-

333 1787 400 1832 cam
424 1777 612 1849 potestatem
635 1772 788 1834 consiliis.

372 1865 390 1939 ᾗ
414 1865 460 1926 la.
478 1865 525 1926 Er
541 1866 572 1925 vi
588 1873 771 1942 patronatus
783 1866 874 1938 iuris,
893 1868 977 1944 qnod
992 1865 1085 1929 Sum·

333 1973 404 2020 mus
417 1957 563 2020 Pontilet
576 1955 780 2035 Reipublicae
792 1957 981 2038 Requatoris
994 1959 1084 2024 Prae·

334 2052 393 2113 sidi
416 2053 572 2122 concedit,
591 2053 641 2116 bic
660 2053 777 2130 poterit
793 2068 850 2130 pro
874 2054 1084 2132 archiepisco-

333 2145 457 2222 patibus
473 2153 506 2206 et
523 2145 756 2224 episcopatibus
773 2147 887 2223 dignos
904 2163 1084 2226 proponere

333 2241 514 2302 sacerdotes
542 2241 628 2302 iuxta
650 2255 813 2302 sacrorum
831 2257 987 2302 (sanonum
1011 2257 1084 2304 nor·

334 2349 428 2395 mam.
458 2333 684 2408 Quamobrem,
708 2335 761 2394 vir
790 2335 866 2396 dum
897 2335 1083 2413 episcopalis

332 2428 435 2504 aliqua
445 2429 537 2490 sedes
551 2429 720 2500 vacaverit,
732 2427 998 2506 Archiepiscopus
1008 2427 1083 2491 alio·

332 2539 404 2584 rum
428 2522 658 2600 Episcoporum
676 2523 825 2598 surragia
840 2540 875 2584 ac
891 2523 1082 2587 sententiam

333 2616 474 2694 rogabit,
502 2623 537 2677 ut
558 2615 710 2678 ecclesiae
733 2617 852 2677 vacanti
878 2617 1079 2678 consulatur:

331 2711 357 2770 si
389 2718 496 2772 autem
525 2707 803 2788 archiepiscopalis
832 2709 924 2770 sedes
953 2725 1082 2772 vacave-

332 2806 384 2876 rit,
408 2811 484 2866 tunc
506 2804 668 2881 antiquior·
684 2803 859 2882 Episcopus
877 2803 908 2865 in
931 2805 1082 2866 eumdem

331 2899 429 2960 linem
458 2897 607 2974 suffragia
635 2907 668 2960 et
688 2897 881 2960 sententiam
913 2898 1083 2977 Episcopo·

328 3007 404 3052 rum
430 2991 595 3068 requiret3
619 3009 664 3062 ac,
689 2991 802 3053 babilis
826 2991 996 3068 suliragiis,
1030 2992 1082 3054 vel

331 3085 597 3162 acchiepiscopus
628 3084 680 3148 vel
712 3085 873 3162 antiquior
908 3086 1082 3164 Episcopus

331 3185 397 3240 tres
418 3178 532 3240 saltem
556 3179 736 3241 candidatos
765 3177 968 3256 Reipublicae
991 3179 1082 3240 Prae-

331 3272 389 3334 sidi
406 3271 583 3344 exhibebit,
601 3271 655 3349 qui
678 3287 778 3334 unum
797 3287 836 3333 ex
853 3272 954 3334 tribus
970 3273 1080 3350 eliget,

331 3381 472 3444 eumque
501 3364 635 3428 Summo
667 3365 811 3428 Pontifici
845 3373 1023 3444 proponet,
1046 3373 1083 3429 ut

331 3461 436 3522 eidem
468 3461 504 3522 ad
540 3475 704 3522 sacrorum
743 3475 901 3522 canonum
935 3476 1080 3522 normam

331 3554 568 3616 institutionem
583 3553 738 3616 conterat.
756 3552 788 3616 Si
804 3561 911 3616 autem
927 3553 1010 3616 intra
1026 3569 1082 3617 εειι

332 3663 458 3710 ιιιειιεεε
473 3661 676 3724 quacumque
692 3647 731 3708 de
746 3663 837 3708 causa
860 3647 1018 3725 Episcopi,
1037 3649 1082 3711 uti

330 3759 425 3820 supra
446 3749 601 3804 statutum
625 3748 690 3812 est,
716 3741 849 3803 minime
875 3740 1083 3804 exhibuerint

331 3836 467 3898 Praesidi
489 3835 628 3897 indicem
650 3835 902 3906 candidatorum,
925 3843 992 3896 tum
1015 3837 1082 3914 ipse

331 3929 461 3990 Praeses
487 3943 544 4005 per
565 3943 599 3990 se
621 3927 760 3989 vacantis
782 3926 934 3989 ecclesiae
957 3928 1083 4006 Episco-

332 4037 408 4098 pum
430 4021 572 4084 Romano
595 4020 737 4082 Pontillci
760 4031 928 4099 proponet.
952 4021 1082 4095 Quodsi

330 4115 413 4177 intra
434 4131 490 4176 sex
506 4131 635 4180 menses
651 4115 680 4176 id
697 4115 828 4178 Praeses
844 4117 978 4178 minime
995 4133 1082 4195 prae-

329 4214 457 4284 stiterit,
474 4219 548 4274 tunc
561 4211 706 4290 Episcopi
730 4212 845 4275 electio
861 4213 934 4276 huic
950 4213 1082 4277 Sanctae

329 4304 403 4367 Sedi
416 4306 646 4377 reservabitur,
661 4307 933 4383 quemadmodum
951 4309 1081 4370 Praeses

329 4398 397 4478 ipse
420 4399 604 4477 postulavit.
627 4399 778 4472 Quocirca
800 4401 1012 4473 Gubernium,
1029 4411 1083 4464 ant

329 4492 539 4554 ecclesiastica
557 4493 726 4557 auctoritas
743 4495 812 4554 eins
828 4493 909 4567 loco,
924 4495 1081 4558 rationem

329 4587 464 4650 Summo
487 4587 629 4650 Pontillci
665 4589 778 4650 reddet
803 4588 857 4650 ubi
886 4605 1082 4653 commemo·

328 4680 387 4742 rati
405 4675 557 4759 temporis
572 4680 709 4758 spatium
726 4681 823 4743 tinem
842 4682 999 4744 babuerit.
1022 4683 1081 4746 Ve-

328 4790 402 4836 rum
425 4773 579 4850 propositi
607 4773 697 4835 nnllo
725 4789 878 4852 umquam
911 4775 1005 4838 modo
1028 4791 1081 4854 po·

330 4871 440 4928 terunt
460 4881 531 4928 sese
552 4865 736 4928 immiscere
758 4866 911 4943 regimini
934 4875 966 4929 et
984 4870 1081 4931 adrni-

328 4960 509 5024 nistrationi
525 4959 744 5032 ecclesiarum,
760 4959 838 5037 quin
854 4962 993 5038 primum
1010 4978 1082 5040 apo-

327 5054 454 5134 stolicas
483 5053 603 5116 litteras
636 5053 674 5115 de
706 5055 854 5117 canonica
880 5055 1081 5118 institutione

328 5147 539 5209 obtinuerint.
563 5145 643 5208 Cum
666 5153 772 5209 autem
791 5149 866 5209 novi
882 5149 1080 5226 episcopatus

328 5247 425 5302 erunt
439 5239 597 5316 erigendi,
615 5239 745 5302 Praeses
760 5240 964 5318 Reipublicae
980 5243 1081 5320 prima

327 5335 397 5396 vice
422 5341 544 5395 ιιιιιιιιιι
560 5331 691 5396 Sanctae
708 5333 782 5397 Sedi
797 5351 854 5413 per
869 5351 904 5397 se
924 5345 1098 5415 proponet,

328 5443 428 5490 novos
449 5427 634 5505 Episcopos.
715 5421 718 5426 ’

368 5525 387 5597 g
411 5521 458 5582 13.
484 5519 636 5582 Sanctitas
659 5521 720 5584 Sua
739 5522 943 5600 Reipublicae
959 5528 1081 5602 Aequa·

329 5616 408 5678 toris
423 5614 562 5676 Praesidi
578 5614 738 5677 indultum
756 5618 901 5679 concedit
916 5619 1081 5680 nominan-

329 5709 359 5770 di
383 5707 497 5785 dignos
519 5707 748 5772 ecclesiasticos
770 5710 806 5772 ad
827 5711 954 5788 capituli
977 5711 1080 5774 catbe·

328 5802 425 5865 dralis
438 5801 645 5878 praebendas,
660 5803 728 5864 sive
740 5804 804 5864 sint
819 5803 999 5882 dignitates,
1012 5806 1080 5868 sive

329 5895 546 5966 canonicatus,
578 5895 646 5956 sive
669 5898 848 5972 portiones,
879 5906 1009 5976 excepta
1038 5907 1067 5961 ta

329 6003 405 6050 men
428 5989 528 6069 prima
545 5987 712 6066 dignitate,
731 6003 812 6066 quae
834 5989 965 6053 Sanctae
988 5990 1079 6054 Sedis

1817 603 1876 667 333

1144 737 1264 801 liberae
1290 738 1451 802 collationi
1478 745 1641 802 reservata
1672 739 1752 810 erit,
1779 745 1812 802 et
1842 753 1918 800 eas

1144 833 1245 910 ceptis
1267 833 1362 896 etiam
1382 833 1443 894 illis
1460 833 1661 912 praebendis,
1679 848 1760 910 quae
1776 834 1894 896 erami-

1144 925 1192 987 nis
1215 943 1272 988 seu
1294 943 1468 990 concursus
1491 927 1555 1004 legi
1579 927 1713 990 minime
1736 927 1892 989 obnoxiae

1145 1021 1276 1094 mart-io,
1310 1021 1418 1092 iunio,
1455 1020 1629 1099 septembri
1663 1029 1695 1084 et
1729 1021 1893 1084 decembri

1144 1113 1307 1176 mensibus
1328 1115 1533 1187 vacaverint,
1562 1127 1709 1192 quaeque
1731 1115 1833 1177 libere
1855 1116 1893 1177 ab

1143 1207 1306 1286 Episcopis
1328 1208 1547 1272 conterentur.
1572 1209 1754 1272 Praebenda
1786 1208 1894 1271 docto·

1144 1301 1228 1372 ralis,
1244 1302 1486 1380 poenitentiaria
1502 1309 1534 1365 et
1555 1303 1746 1379 magistralis
1762 1309 1794 1365 et
1815 1302 1893 1366 aliae

1143 1395 1298 1456 examinis
1314 1411 1371 1458 seu
1383 1410 1558 1459 concursus
1571 1397 1635 1474 legi
1651 1397 1812 1460 subiectae
1827 1398 1893 1476 pari
1983 1437 1986 1448 ι

1143 1490 1238 1551 modo
1267 1490 1305 1551 ab
1334 1491 1496 1568 Episcopis
1520 1497 1643 1553 tantum
1670 1490 1891 1564 conterentur,

1143 1591 1311 1661 postquam
1324 1599 1459 1646 examen
1474 1592 1506 1646 et
1528 1584 1690 1648 doctrinae
1712 1584 1892 1664 periculum

1143 1675 1259 1739 iactum
1283 1677 1382 1740 luerit
1402 1678 1489 1740 iuxta
1511 1679 1675 1740 canonicas
1699 1681 1891 1742 sanctiones.

1142 1771 1286 1848 lienique
1302 1772 1376 1834 siin
1392 1771 1498 1850 aliquo
1509 1773 1647 1852 capitulo
1663 1774 1797 1836 minime
1813 1777 1892 1838 exti-

1144 1865 1217 1926 terit
1229 1866 1449 1944 capitularium
1464 1882 1619 1930 numerus
1633 1867 1846 1946 praescriptus
1858 1867 1890 1930 in

1141 1960 1321 2036 apostolicis
1343 1961 1381 2022 de
1404 1960 1560 2037 cuiusque
1583 1960 1737 2024 dioecesis
1758 1963 1892 2026 erectio·

1142 2067 1182 2114 ne
1210 2053 1346 2123 litteris,
1369 2053 1545 2131 Episcopus
1568 2055 1684 2132 poterit
1704 2055 1821 2128 statim,
1839 2063 1893 2117 aut

1141 2147 1269 2221 quando
1292 2154 1414 2224 praesto
1437 2153 1534 2208 erunt
1564 2146 1758 2210 sufficientes
1788 2149 1893 2210 reddi·

1143 2249 1203 2310 tus,
1221 2240 1349 2316 erigere
1361 2240 1555 2318 praebendas
1570 2255 1652 2318 quae
1664 2241 1780 2313 desint,
1797 2257 1892 2320 quae·

1141 2350 1204 2411 que
1226 2333 1435 2396 conterentur
1458 2335 1493 2396 ad
1508 2350 1625 2397 eorum
1641 2351 1787 2397 normam
1808 2353 1889 2414 quae

1140 2430 1172 2490 in
1196 2427 1354 2506 praesenti
1375 2427 1509 2489 articulo
1530 2436 1605 2489 sunt
1627 2431 1808 2491 constituta.

1179 2522 1269 2598 §lto
1292 2520 1381 2594 Quod
1408 2522 1521 2584 attinet
1546 2523 1582 2583 ad
1608 2521 1812 2584 collationem
1841 2540 1891 2602 pa·

1141 2616 1342 2685 roeciarum,
1375 2611 1554 2686 Ordinarii,
1588 2615 1901 2694 praescriptionibus

1141 2708 1336 2772 Sacrosancti
1352 2707 1484 2770 Consilii
1500 2709 1678 2771 Tridentini
1698 2710 1889 2788 adimpletis,

1140 2803 1341 2865 ealribobnnt
1371 2802 1535 2864 Gubernio
1564 2809 1630 2865 tres
1655 2804 1768 2880 dignos
1790 2805 1890 2868 eccle-

1139 2895 1422 2973 siasticos,qt1ibus
1444 2897 1586 2974 paroecia
1601 2897 1663 2960 erit
1676 2897 1889 2975 conterenda;

1140 3001 1172 3054 et
1194 2992 1323 3053 Praeses
1346 2991 1414 3052 sive
1437 3005 1567 3068 perse,
1590 2989 1659 3052 sive
1682 2993 1890 3070 persuasio
1975 3062 1977 3066 ¹

1139 3085 1311 3164 provinciis
1324 3084 1498 3161 delegatos,
1512 3083 1610 3161 eliget
1621 3099 1721 3147 unum
1735 3085 1890 3148 extribus

1140 3177 1358 3244 ecclesiasticis
1376 3178 1413 3239 ab
1425 3176 1592 3239 Ordinaric
1604 3178 1787 3257 propositis.
1800 3177 1888 3252 Quod

1139 3275 1164 3336 si
1188 3273 1227 3336 ob
1243 3271 1420 3351 peculiares
1436 3287 1542 3334 causas
1560 3271 1759 3334 Gubernium
1783 3280 1890 3351 postu-

1139 3367 1253 3430 laverit
1282 3373 1316 3428 ut
1337 3364 1388 3426 alii
1412 3373 1476 3427 tres
1499 3363 1703 3430 ecclesiastici
1735 3366 1794 3429 sibi
1818 3383 1889 3446 pro-

1140 3467 1310 3539 ponantur,
1332 3457 1517 3522 Ordinarius
1532 3458 1563 3522 id
1584 3475 1681 3536 agere
1704 3460 1832 3538 poterit,
1854 3477 1890 3523 ea

1141 3565 1247 3618 tamen
1262 3553 1455 3626 conditione,
1469 3559 1504 3614 ut
1519 3551 1609 3616 nullo
1624 3569 1777 3632 umquam
1794 3555 1890 3618 modo

1140 3649 1228 3712 reiici
1251 3655 1346 3726 queat
1361 3647 1520 3709 ternarius
1536 3646 1587 3709 bic
1605 3663 1762 3709 numerus
1777 3665 1890 3710 secun-

1139 3745 1179 3806 do
1202 3742 1394 3821 propositus.
1419 3738 1451 3802 Si
1474 3741 1656 3803 necessario
1672 3741 1890 3820 paroeciarum

1140 3837 1300 3900 territoria
1316 3843 1412 3897 erunt
1426 3835 1607 3906 dividenda,
1624 3835 1654 3896 id
1670 3835 1708 3897 ab
1727 3836 1890 3915 Episcopis

1141 3933 1209 3994 ilari
1233 3929 1369 4008 poterit,
1393 3928 1515 3991 collatis
1538 3943 1611 3990 cnm
1634 3929 1719 3991 civili
1742 3929 1888 3993 locorum

1138 4025 1335 4103 Auctoritate
1357 4022 1506 4085 consiliis.

1178 4117 1269 4192 §lb
1299 4115 1380 4178 Sede
1410 4126 1541 4179 vacante
1573 4117 1705 4181 alicuius
1738 4119 1890 4182 ecclesiae

1139 4210 1339 4282 cathedralis,
1356 4210 1529 4288 capitulum
1552 4212 1697 4274 eiusdem
1713 4211 1794 4274 inira
1811 4220 1890 4275 tem·

1140 4321 1198 4382 pus
1234 4305 1436 4382 praetlnitum
1458 4313 1491 4367 et
1522 4306 1558 4367 ad
1586 4321 1730 4368 normam
1762 4322 1888 4378 eorum,

1139 4414 1220 4475 quae
1241 4417 1257 4458 a
1280 4396 1395 4462 Sancto
1409 4397 1552 4462 Concilio
1568 4399 1756 4462 Tridentino
1770 4400 1803 4462 in
1820 4414 1888 4462 rem

1139 4493 1267 4556 decreta
1282 4499 1368 4564 sunt,
1384 4487 1546 4555 vicarium
1563 4493 1769 4571 capitularem
1787 4493 1889 4556 libere

1139 4585 1248 4662 eliget,
1273 4585 1350 4662 quin
1373 4585 1565 4648 electionem
1586 4586 1687 4648 semel
1706 4587 1818 4651 iactam
1841 4604 1890 4650 re-

1139 4694 1254 4741 vocare
1276 4678 1327 4740 vel
1358 4680 1394 4740 ad
1421 4693 1537 4741 novam
1572 4680 1747 4758 procedere
1778 4681 1889 4759 possit,

1139 4773 1281 4851 qualibet
1296 4774 1370 4836 licet
1390 4773 1495 4836 veteri
1514 4775 1747 4836 consuetudine
1768 4775 1808 4837 de
1824 4791 1891 4836 me-

1139 4869 1190 4930 dio
1221 4867 1361 4939 sublata,
1386 4887 1420 4931 ac
1441 4869 1570 4947 penitus
1591 4867 1725 4941 abolita,
1750 4883 1831 4947 qnae
1856 4869 1890 4930 in

1140 4961 1196 5022 bac
1228 4977 1261 5022 re
1291 4977 1455 5024 sacrorum
1485 4977 1642 5024 canonum
1671 4962 1887 5026 sanctionibus

1139 5057 1253 5132 quovis
1275 5055 1407 5117 nomine
1428 5055 1629 5118 adversetur.
1925 5071 1944 5140 J

1178 5149 1196 5224 ἓ
1220 5147 1267 5209 lb.
1292 5146 1404 5212 Sancta
1426 5148 1525 5211 Sedes
1548 5151 1678 5228 proprio
1700 5159 1794 5214 utens
1816 5151 1887 5213 iure

1139 5257 1237 5303 novas
1266 5241 1429 5304 dioeceses
1460 5243 1583 5319 eriget,
1608 5250 1640 5304 et
1661 5258 1759 5305 novas
1790 5244 1823 5306 in
1852 5245 1888 5304 iis
1933 5275 1967 5305 .·

1138 5349 1218 5412 quae
1241 5336 1302 5397 iam
1318 5335 1462 5398 existunt
1476 5343 1607 5413 peraget
1622 5337 1889 5414 circumscriptio-

1138 5445 1217 5502 nes,
1247 5439 1379 5506 elprae
1411 5429 1511 5492 oculis
1543 5429 1662 5492 babens
1692 5430 1887 5493 dioecesium

1137 5524 1393 5602 amplitudinem,
1411 5524 1444 5584 in
1466 5538 1543 5601 quas
1559 5525 1595 5586 ad
1619 5539 1769 5601 praesens
1789 5524 1889 5587 divisa

1138 5625 1185 5677 est
1207 5616 1397 5694 teqoatoris
1419 5616 1618 5694 Respublica,
1643 5620 1754 5680 eadem
1777 5617 1888 5682 Sancta

1138 5709 1237 5773 Sedes
1259 5712 1313 5772 via
1344 5712 1420 5773 dum
1452 5727 1601 5789 praesens
1630 5713 1801 5774 conventio
1824 5721 1888 5775 rata

1138 5803 1241 5865 babila
1257 5803 1365 5876 luerit,
1385 5804 1577 5866 necessarias
1592 5804 1720 5882 speciali
1740 5805 1888 5883 delegato

1138 5897 1257 5959 tribuet
1269 5896 1443 5968 iacnltates,
1455 5905 1500 5970 ut,
1511 5897 1632 5959 collatis
1646 5913 1719 5960 cum
1731 5898 1887 5979 Episcopo

1137 5997 1169 6052 et
1182 5990 1345 6054 Gubernio
1367 5991 1519 6063 consiliis,
1543 5991 1738 6053 dioecesium
1758 5994 1886 6056 territo-
