4836 7002
96 599 134 652 ln
144 591 168 646 C.
181 585 245 644 1750

881 597 1077 646 ennubtatus
1099 601 1150 646 rb.
1174 595 1239 646 xlv.

280 721 405 784 sexibus
445 721 511 783 suis
543 721 588 783 sic
619 719 736 782 lactum
775 719 875 782 luisse
907 725 1029 782 consta·

283 815 333 876 bat
354 813 418 892 (l):
444 813 585 876 Petitnnt
606 819 670 876 ate
691 813 843 884 Polliam,
861 813 941 892 qnod
956 812 1030 876 olion

282 903 532 970 antecessoribus
547 907 612 969 tnis
626 906 692 987 fnit
707 904 746 969 ab
761 906 942 986 Apostolica
957 904 1032 968 Sede

282 1017 481 1070 concessum,
508 1001 575 1064 iant
603 1001 696 1080 mensi
721 999 925 1081 praenimia
946 1005 1032 1062 oetat-

281 1101 364 1158 state
391 1099 614 1174 consumptam
642 1100 699 1156 etc.
729 1094 937 1174 fraternitati
959 1101 1033 1158 tatae

282 1204 338 1266 per
358 1187 496 1250 Nuntios
517 1187 675 1250 mittimus
698 1188 884 1250 antedictos.

323 1281 443 1359 ltaque,
455 1297 527 1342 cum
542 1281 591 1342 his
605 1281 762 1360 exemplis
777 1283 930 1344 adductus
945 1298 1034 1361 prae·

285 1374 388 1436 dictus
410 1375 560 1436 decessor
582 1381 691 1437 noster
705 1373 856 1437 Clemens
875 1374 926 1437 xl.
946 1391 1033 1454 prae-

284 1467 348 1528 lato
361 1465 503 1528 Samueli
515 1466 676 1546 Capasulis
690 1467 885 1530 Patriarchae
899 1469 1033 1532 Alexan-

285 1563 378 1624 drino
400 1562 531 1640 pallium
561 1564 738 1624 concedere
759 1563 939 1636 statuissem
963 1579 1032 1632 nos,

285 1658 341 1732 qui
357 1673 395 1718 co
411 1663 558 1734 tempore
572 1656 715 1718 advocati
727 1656 953 1718 consistorialis
966 1672 1035 1718 mu-

287 1765 365 1811 nere
379 1749 607 1827 fungebamur,
625 1747 739 1812 delecti
755 1750 887 1822 luimus,
905 1750 1033 1812 utillud

286 1843 318 1906 in
340 1843 552 1920 semipublicc
576 1843 765 1906 consistorio
780 1859 837 1921 pro
853 1844 1036 1930 eodem-Pa·

286 1937 422 1998 triarcha
449 1937 697 2014 postularemus.
728 1937 786 2000 Cui
816 1939 962 2016 petitioni
983 1955 1035 2002 an·

286 2047 391 2092 nuens
415 2027 568 2092 Summus
600 2031 685 2092 idem
710 2031 867 2103 Pontilex,
892 2043 963 2109 post
985 2034 1036 2094 ha·

287 2125 384 2186 bitam
398 2125 481 2202 piam
498 2124 670 2201 eloquente
678 2140 771 2203 mque
787 2141 877 2188 more
893 2143 951 2188 suo
967 2143 1034 2188 ora·

289 2219 422 2290 tionem,
440 2217 572 2296 pallium
587 2219 755 2282 concessit.
780 2219 906 2296 lntegra
922 2237 1035 2284 eorum

287 2319 431 2374 actorum
453 2312 553 2374 series
575 2311 718 2376 retertur
741 2320 808 2376 tum
832 2314 916 2376 inter
935 2316 1035 2377 consi-

287 2406 434 2468 storiales
462 2406 579 2470 laudati
608 2407 769 2470 Pontihcls
796 2409 954 2471 orationes
981 2426 1037 2487 pu·

289 2499 368 2561 blica
390 2499 462 2562 luce
484 2501 614 2564 donatas
635 2499 691 2579 (2),
710 2507 777 2563 tum
793 2502 878 2564 inter
893 2503 1036 2566 eiusdem

289 2593 398 2656 brevia
431 2599 463 2655 et
491 2593 641 2672 epistolas
668 2595 751 2674 typis
780 2595 952 2672 impressas
979 2596 1035 2677 (3).

289 2687 381 2750 111666
403 2703 482 2763 erge
498 2687 641 2764 vestigiis
656 2704 714 2749 nos
737 2689 856 2766 pariter
871 2690 1038 2752 inhaeren-

291 2789 349 2852 tes,
373 2796 446 2842 cum
471 2788 616 2859 tempore
638 2781 738 2844 nostri
763 2782 965 2860 pontificatus
980 2783 1039 2847 llo·

290 2890 375 2936 mam
398 2875 541 2938 venisset
562 2875 676 2938 Petrus
706 2875 904 2940 Abrahamus
931 2877 1039 2940 Verta-

289 2968 372 3041 biet,
396 2969 451 3046 qui
474 2985 547 3030 cum
570 2975 656 3032 esset
678 2969 942 3050 Archiepiscopus
968 2973 1039 3036 llle-

290 3062 400 3140 pinus,
431 3063 469 3124 ab
498 3061 647 3124 armenis
674 3063 836 3126 catholicis
864 3065 1040 3142 postulatus

290 3157 395 3219 luerat
415 3158 447 3218 in
476 3156 688 3218 Patriarcham
712 3157 882 3220 Armeniae
910 3159 1040 3222 llinoris

290 3259 385 3330 atque
407 3251 545 3322 Ciliciae,
563 3259 634 3329 post
655 3253 876 3314 confirmatam
895 3254 1039 3316 eiusdem

290 3347 482 3410 electionem
512 3346 747 3422 admissamque
776 3345 807 3409 in
829 3347 1040 3425 semipublico

290 3439 500 3511 consistorio,
534 3439 647 3502 maiori
676 3454 738 3517 qua
762 3441 863 3518 potuit
890 3441 1041 3504 6616111111-

293 3541 371 3606 tate,
395 3533 480 3612 pallii
504 3534 712 3612 petitionem,
736 3535 883 3596 manibus
905 3535 965 3614 ipsi
986 3553 1039 3598 nc-

291 3629 366 3690 stris
388 3628 421 3690 in
443 3627 617 3698 1611ιί161,
642 3643 737 3704 quam
760 3629 793 3690 in
818 3629 1041 3692 1661606666-

292 3721 408 3799 ptionis
437 3719 472 3782 B.
497 3720 611 3782 llariae
644 3719 786 3798 Virginis
817 3721 1042 3786 Immaculatae

291 3815 538 3887 celebravimus,
550 3814 702 3894 cappella,
720 3813 851 3892 pallium
874 3815 960 3878 illius
984 3815 1042 3880 hu·

293 3908 390 3972 meris
412 3908 637 3986 imposuimus.
661 3907 773 3986 Neque
794 3908 899 3986 ipsum
922 3909 1039 3983 solum,

292 4002 347 4066 sed
369 4002 402 4064 in
424 4001 494 4064 aliis
515 4008 624 4080 postea
652 4001 1041 4080 semipublicisconsisto-

293 4096 348 4157 riis
369 4095 529 4175 cyrillum
562 4095 773 4158 Patriarcham
805 4095 1041 4160 Antiochenum

292 4189 488 4252 Graecorum
508 4189 729 4252 llelchitarum
748 4197 781 4252 et
799 4189 965 4254 Simonem
986 4192 1043 4254 Pe·

294 4289 380 4344 trum
403 4281 574 4356 Euodium,
598 4285 652 4361 qui
669 4301 684 4344 a
699 4284 888 4347 Damascena
904 4285 1043 4347 Ecclesia

293 4377 330 4438 ad
351 4377 601 4440 Patriarchatum
623 4376 861 4440 Antiochenam
878 4377 1044 4440 Maronita-

294 4487 367 4533 rum
389 4477 521 4533 erectus
542 4470 656 4544 luerat,
670 4485 810 4548 quorum
826 4477 964 4549 uterque
980 4472 1043 4550 pal·

294 4561 374 4624 lium
396 4579 413 4622 a
434 4561 527 4623 nobis
549 4577 606 4640 per
634 4561 797 4639 legitimos
819 4569 1044 4640 procuratores

295 4671 370 4718 suas
397 4655 554 4716 instanter
582 4662 677 4732 atquc
708 4654 876 4718 humiliter
906 4655 1044 4734 postula·

295 4755 396 4822 verat,
420 4755 492 4827 post
512 4750 733 4812 confirmatam
749 4749 892 4826 ipsorum
916 4749 1044 4811 electio-

296 4859 382 4915 nem,
405 4844 472 4922 parl
489 4843 613 4906 honore
634 4843 867 4906 decoravimus.

335 4937 446 5009 Parra,
470 4953 543 4999 cum
566 4953 605 4999 ex
621 4938 679 5000 hac
693 4937 730 5000 ad
753 4937 923 5000 meliorem
945 4939 1043 4999 vitam

295 5031 490 5094 concesserit
511 5031 690 5110 praedictus
712 5031 825 5094 Petrus
845 5031 1044 5094 Abrahamus

296 5123 469 5196 Vartabiet,
494 5123 732 5204 archiepiscopi
757 5125 907 5196 Armeni,
931 5124 1045 5187 Clarus

297 5225 329 5280 et
350 5218 500 5297 populus,
516 5219 605 5280 iuxta
620 5219 811 5282 orientalem
833 5218 1043 5297 disciplinam,

297 5316 332 5377 ad
356 5315 549 5394 supplendas
576 5315 718 5378 defuncti
740 5315 938 5378 Patriarchae
960 5317 1045 5378 vices

299 5409 544 5486 postulaverunt
564 5409 711 5472 lacobum
733 5407 906 5483 Vartahlet,
931 5410 986 5487 qui
1007 5410 1046 5471 h-

300 5501 436 5580 lepiuam
459 5501 633 5564 Ecclesiam
655 5502 778 5580 aliquot
791 5518 891 5564 annos
913 5503 1047 5581 egregie

1084 718 1157 796 psit.
1192 716 1323 780 lllorum
1364 732 1443 780 reso
1475 717 1724 796 postulationem
1760 734 1834 780 cum

1085 829 1154 884 nos,
1171 812 1278 875 audito
1301 812 1389 890 prius
1410 805 1677 889 congregationis
1700 813 1739 876 cle
1761 812 1835 875 Pro-

1086 906 1226 983 paganda
1248 904 1324 966 Fide
1339 905 1503 982 suffragio,
1520 906 1754 978 admiserimus,
1767 905 1835 968 eius

1086 1014 1171 1061 nunc
1193 999 1325 1062 nomine
1353 1015 1409 1077 per
1439 998 1623 1076 legitimum
1653 1008 1835 1078 procurato·

1086 1109 1155 1156 rem
1179 1091 1311 1170 pallium
1333 1109 1349 1154 a
1371 1093 1463 1155 nobis
1485 1093 1587 1154 enixis
1612 1095 1760 1173 precibus
1782 1110 1836 1172 pe-

1088 1187 1177 1250 111111.
1214 1186 1323 1248 Novus
1360 1187 1410 1248 hic
1441 1185 1618 1249 Patriarcha
1652 1187 1700 1248 vir
1731 1188 1834 1266 prole·

1087 1289 1137 1343 cto
1167 1291 1215 1344 est
1244 1281 1351 1358 magni
1380 1281 1503 1352 meriti,
1531 1282 1834 1360 archiepiscopalem

1088 1377 1255 1456 hlepinam
1275 1375 1449 1438 Ecclesiam
1466 1376 1551 1437 rexit
1567 1376 1667 1438 multa
1683 1392 1755 1438 cum
1772 1375 1837 1438 lau-

1088 1472 1146 1544 de,
1176 1486 1234 1548 pro
1252 1468 1481 1547 ‚amplificanda
1511 1469 1573 1530 llde
1600 1470 1752 1532 catholica
1781 1470 1837 1532 Ga-

1089 1565 1180 1637 latae,
1204 1563 1352 1640 hngorae
1373 1569 1406 1624 61
1425 1562 1537 1640 hleppi
1553 1563 1730 1642 plurimum
1752 1563 1837 1626 labe-

1089 1659 1172 1721 ravit
1202 1657 1384 1734 multasque
1420 1657 1663 1734 persecutiones
1695 1657 1733 1720 ab
1764 1659 1837 1720 hae·

1090 1753 1196 1815 seticis
1226 1752 1374 1813 excitatas
1400 1750 1544 1828 pertulit,
1568 1768 1640 1812 curn
1664 1759 1838 1816 16166166-

1090 1846 1178 1909 ribus
1206 1845 1366 1919 inclusus,
1396 1852 1428 1906 et
1449 1844 1497 1906 bis
1525 1845 1715 1908 inexilium
1741 1848 1839 1911 luerit

1089 1941 1283 2004 amandatus.
1306 1938 1427 2012 Quibus
1448 1938 1570 2001 meritis
1585 1940 1663 2002 illud
1680 1941 1839 2004 611111166-

1090 2037 1185 2109 cedit,
1207 2033 1292 2110 quod
1315 2048 1390 2095 eum
1412 2032 1624 2094 Patriarcham
1648 2035 1758 2097 habuit
1778 2037 1838 2098 sihi

1091 2128 1237 2208 proxime
1259 2126 1472 2204 superiorem,
1497 2127 1583 2204 quia
1602 2127 1693 2188 nobis
1715 2128 1838 2191 honore

1092 2222 1176 2302 pallii
1199 2222 1332 2283 donatus
1355 2227 1412 2281 est.
1436 2218 1548 2296 Neque
1563 2221 1737 2297 quidquam
1754 2223 1840 2286 inter
1908 2300 1912 2310 ¹

1090 2324 1268 2392 utrumque
1284 2312 1477 2375 discriminis
1488 2313 1668 2388 intercedit,
1682 2315 1743 2377 uisi
1754 2318 1840 2394 qnod

1092 2411 1146 2472 ille
1168 2408 1300 2488 pallium
1333 2406 1562 2484 impetraturus
1589 2407 1722 2470 Romam
1752 2411 1842 2473 venit

1092 2505 1160 2584 ipsc
1182 2518 1239 2581 per
1259 2517 1310 2575 se;
1344 2499 1396 2562 hic
1416 2515 1496 2562 vero
1519 2515 1575 2578 per
1598 2509 1840 2578 procuratorem

1092 2617 1108 2660 a
1123 2614 1158 2660 se
1172 2597 1204 2659 id
1220 2593 1364 2656 muneris
1380 2593 1525 2670 legitime
1548 2594 1742 2658 destinatum
1758 2612 1841 2658 eam·

1093 2693 1166 2754 dem
1190 2707 1206 2752 a
1228 2688 1320 2751 nobis
1344 2688 1476 2764 gratiam
1499 2688 1670 2752 humiliter
1685 2691 1839 2769 deposcit.

1093 2786 1158 2860 Qua
1179 2785 1212 2846 in
1234 2799 1270 2844 re
1292 2781 1447 2859 quidquid
1468 2782 1703 2859 antiquioribus
1719 2789 1841 2864 tempo-

1093 2869 1184 2943 ribus'
1204 2879 1322 2941 lactum
1336 2877 1386 2948 sit,
1403 2875 1530 2952 quibus,
1544 2885 1580 2940 ut
1595 2883 1685 2940 natat
1698 2879 1842 2942 eruditus

1094 2975 1230 3052 scriptor
1247 2969 1293 3052 (1)
1314 2970 1346 3033 11
1361 2970 1427 3032 suis
1442 2970 1698 3034 adnotationibus
1713 2973 1751 3034 ad
1766 2971 1841 3036 Poe-

1094 3067 1263 3130 nitentiole
1285 3063 1457 3134 Theodori,
1482 3063 1586 3125 honor
1607 3063 1692 3142 pallii
1708 3066 1842 3130 minime

1095 3159 1340 3230 concedebatur,
1357 3157 1418 3219 nisi
1439 3157 1489 3228 iis,
1507 3157 1561 3234 qui
1583 3157 1716 3220 Romam
1737 3160 1843 3222 venis-

1095 3267 1179 3328 sent,
1203 3269 1345 3331 eumque
1367 3267 1481 3330 perse
1503 3269 1518 3312 a
1542 3249 1676 3314 Summo
1692 3253 1844 3316 Pontlllce

1095 3350 1281 3430 petiissent3
1309 3345 1456 3425 pluribus
1484 3351 1591 3407 16111611
1619 3345 1754 3409 abhinc
1778 3363 1845 3410 sae·
1967 3327 1974 3336 '

1096 3443 1176 3508 culis
1197 3439 1365 3504 consuerit
1379 3437 1559 3517 Apostolica
1575 3439 1652 3502 haec
1667 3437 1766 3503 Sedes
1782 3441 1845 3520 pal-

1096 3538 1130 3600 lii
1153 3537 1311 3598 honorem
1335 3532 1431 3595 etiam
1454 3547 1512 3610 per
1533 3540 1776 3610 procuratorem
1792 3551 1845 3613 pe-

1096 3629 1239 3693 tentibus
1260 3625 1448 3697 concedere,
1472 3625 1595 3688 sublata
1621 3641 1751 3704 quoque
1772 3643 1845 3689 con-

1096 3721 1267 3786 suetudine
1289 3719 1500 3797 sequentibus
1524 3719 1722 3798 temporibus
1747 3721 1846 3783 intro-

1098 3817 1189 3880 ducta
1211 3815 1354 3892 legatum
1383 3811 1550 3885 mittendi,
1573 3813 1699 3890 quoties
1724 3813 1844 3876 absenti

1098 3909 1286 3990 petentique
1307 3905 1440 3985 pallium
1461 3905 1688 3984 elargiebatur.

1137 4004 1246 4081 ltaque
1268 4001 1412 4080 pallium,
1429 4000 1515 4077 quad
1531 3999 1653 4063 electus
1668 4001 1846 4065 Patriarcha

1098 4097 1231 4160 minoris
1254 4095 1425 4156 Armeniae
1451 4100 1546 4172 atque
1567 4093 1695 4157 Ciliciae
1717 4111 1733 4158 a
1754 4097 1847 4159 nobis

1098 4188 1291 4270 postularit,
1328 4187 1557 4250 concedimus:
1596 4203 1847 4266 sermonemque

1098 4286 1184 4348 hunc
1206 4289 1354 4346 nostrum
1376 4279 1612 4354 concludimus,
1636 4281 1705 4344 eius
1732 4281 1847 4344 Procu-

1099 4379 1197 4440 ratcri
1218 4376 1437 4453 iniungentes,
1454 4380 1490 4436 ut
1510 4373 1652 4452 idipsum
1666 4381 1777 4438 nestro
1792 4392 1847 4438 no-

1100 4473 1187 4535 mine
1209 4471 1314 4534 eidem
1338 4467 1468 4546 pallium
1492 4468 1620 4531 tradens
1642 4467 1738 4542 dicat,
1761 4471 1846 4546 qued

1099 4582 1157 4628 nos
1178 4565 1238 4644 ipsi
1259 4562 1420 4626 decessori
1440 4577 1499 4624 suo
1521 4562 1681 4640 praesenti
1703 4561 1780 4624 olim
1803 4563 1848 4624 di·

1099 4660 1218 4732 ximus,
1235 4657 1355 4720 scilicct
1370 4655 1502 4734 pallium
1518 4671 1583 4716 non
1598 4671 1669 4717 esse
1685 4656 1849 4718 dumtaxat

1100 4752 1261 4832 dignitatis
1277 4753 1515 4820 ornamentum,
1528 4748 1622 4812 sicuti
1633 4748 1760 4828 scripsit
1771 4749 1847 4812 San·

1099 4856 1168 4910 ctus
1196 4845 1336 4906 lsidorus
1366 4841 1402 4903 ad
1431 4840 1613 4904 Erntinium
1639 4842 1727 4904 iuxta
1748 4841 1847 4904 inter-

1100 4939 1314 5018 pretationem
1336 4935 1454 4998 llabert
1473 4933 1530 5014 (li),
1553 4934 1609 4996 sed
1630 4941 1754 4997 textum
1777 4951 1848 4997 esse

1100 5032 1180 5104 lana,
1205 5047 1270 5093 non
1292 5031 1369 5101 lino,
1387 5035 1420 5092 et
1435 5029 1516 5090 circa
1531 5027 1650 5089 collum
1666 5027 1798 5104 deterri,
1811 5029 1847 5090 ad

1100 5143 1171 5188 eam
1195 5141 1289 5188 ovem
1311 5121 1563 5200 significandam,
1588 5135 1682 5198 quam
1705 5137 1778 5184 cum
1800 5139 1848 5184 66-

1100 5227 1149 5283 661
1170 5219 1303 5289 amissa,
1335 5218 1439 5279 bonus
1470 5215 1578 5278 Pastor
1607 5216 1780 5292 quaesivit,
1804 5217 1850 5278 in-

1100 5314 1201 5385 venit,
1216 5311 1347 5388 suisque
1361 5307 1507 5371 humeris
1518 5307 1700 5386 impositam
1712 5309 1749 5370 ad
1766 5309 1850 5370 ovile

1100 5404 1287 5485 reportavit.

1348 5563 1612 5573 ..α-ᾑ-

298 5596 543 5669 administravit,
556 5595 682 5674 sibique
697 5595 781 5660 Petri
796 5613 916 5659 nomen
926 5611 1047 5660 assum·
1122 5641 1126 5650 .
1241 5605 1245 5614 ·

340 5867 370 5922 11)
386 5866 468 5924 epist.
483 5868 531 5921 3111,
549 5865 619 5922 apud
639 5865 766 5922 Raynald.
781 5865 814 5910 ad
830 5875 872 5912 an.
891 5875 1047 5920 16611111,

301 5945 371 5978 num.
386 5935 420 5978 88.

341 6003 371 6057 (2)
386 6005 406 6044 Α
421 6011 479 6058 pag,
497 6003 534 6044 lae
547 6000 580 6046 ad
595 6010 653 6058 pag.
669 6001 715 6044 l'od.

407 6129 465 6170 Inr.
481 6128 558 6169 Ponet.
575 6127 606 6168 de
621 6127 701 6176 Pron.
717 6125 781 6167 Fide
794 6121 880 6167 Partis
895 6125 914 6166 l.
929 6121 983 6165 Vol.
999 6123 1051 6164 vlt.

1143 5865 1174 5919 (3)
1189 5866 1260 5907 Tam.
1275 5865 1297 5918 a,
1312 5873 1370 5920 pag.
1385 5864 1425 5906 sle
1438 5864 1464 5906 61
1479 5873 1531 5918 seq.

1143 5931 1173 5986 (1)
1189 5929 1265 5974 Petit.

1143 5997 1175 6054 (5)
1191 6001 1220 6041 ln
1236 5996 1307 6042 notis
1321 5996 1354 6042 sd
1369 5995 1521 6042 Pontillcale
1535 6005 1698 6050 graecarum.

1719 6119 1747 6161 23

1758 575 1814 642 177
1871 579 1922 637 lln.
1936 579 1965 636 h
1979 577 2048 636 ltttd
