4884 6994
953 609 1052 658 tnbrx
1073 611 1285 660 hunulchurt!

336 731 373 794 ll.
397 733 582 796 Decretum.
605 729 798 795 vicariatum
814 728 1025 809 apostolicum
1040 727 1087 790 in-

397 825 501 889 stituit
522 825 555 887 in
578 824 716 888 dioecesi
739 823 872 888 Sanctae
893 823 992 886 Eidei.
1016 819 1086 885 230.

337 917 385 980 222.
410 919 455 982 lte
477 917 684 996 exemptione
710 917 898 980 monialium
923 915 1087 980 benedict.

398 1012 480 1090 apud
509 1010 717 1088 Gonnington
745 1010 778 1074 in
801 1009 916 1088 Anglia
944 1005 1087 1072 022002.

396 1105 507 1184 Apost.
531 1105 681 1184 disponit.
704 1103 782 1168 ibid.
1077 1181 1079 1186 Ι

337 1198 389 1262 22.
414 1199 584 1262 Dissidium
606 1199 646 1262 de
676 1199 774 1261 rebus
802 1197 983 1275 lithurgicis
1003 1197 1090 1260 inter

396 1293 557 1356 Armenes
578 1293 741 1372 reprobat.
764 1291 835 1355 232.

341 1384 379 1448 2.
402 1385 573 1463 Exemptio
595 1401 610 1447 a
632 1385 703 1448 iure
726 1383 962 1463 metropolitico
983 1375 1091 1448 Eccle-

397 1478 462 1540 siae
492 1477 642 1541 bimanae
665 1485 698 1540 et
718 1477 875 1541 subiectio
897 1475 1091 1557 episcopatui

396 1571 430 1636 S.
450 1571 538 1634 Eidei
560 1572 600 1635 20
621 1571 753 1648 BogotA.
776 1571 855 1635 ibid.

339 1665 390 1729 22.
413 1665 600 1728 imminutio
622 1665 749 1727 dierum
771 1665 932 1729 lestorum
953 1667 987 1728 in
1008 1663 1091 1726 Boli-

399 1761 491 1822 viaua
513 1758 646 1822 ditione.
669 1757 740 1822 238.

341 1853 407 1916 222.
435 1851 592 1932 Episcopo
624 1851 721 1915 luliae
750 1851 922 1916 Caesareae
951 1850 1092 1932 (Algeri)

399 1948 493 2010 datur
513 1945 646 2010 lacultas
667 1945 814 2024 erigendi
832 1947 866 2008 in
881 1961 937 2008 sua
953 1943 1092 2008 dioecesi

399 2038 599 2102 sodalitatem
615 2037 787 2117 scapularis
803 2045 836 2100 et
851 2037 1003 2100 stationes
1014 2035 1091 2100 2200

399 2131 510 2195 Crucis
538 2146 612 2194 curu
641 2130 853 2209 indulgentiis
879 2130 942 2194 illis
964 2145 1092 2197 conces-

398 2225 452 2286 sis.
475 2223 546 2286 237.

340 2317 419 2382 2222.
442 2312 620 2381 Confirmat
634 2317 819 2380 institutum
834 2315 1092 2394 congregationis

401 2411 533 2474 oratorii
555 2411 587 2474 S.
604 2410 740 2489 Philippi
760 2409 849 2474 220222
863 2411 897 2474 in
912 2410 993 2472 urbe
1009 2407 1092 2487 Lug-

402 2504 490 2576 2002,
515 2503 616 2566 22000.
640 2503 829 2567 2200200000
857 2504 890 2566 20
918 2502 1015 2566 222220
1036 2499 1092 2565 00-

401 2597 623 2661 022022022200.
646 2597 717 2662 238.

341 2690 393 2753 lll.
418 2690 590 2754 Allocutio.
614 2689 761 2754 Iacobum
783 2690 875 2754 llalas
897 2691 1090 2770 Archiepisc.

402 2783 563 2848 Amasien.
587 2785 620 2846 iu
642 2785 854 2864 patriarcham
875 2784 1093 2848 Armenorum

402 2879 530 2942 Ciliciae
561 2879 739 2952 confirmat,
771 2887 934 2958 assumpto
962 2876 1094 2941 nomine

401 2972 505 3035 iacobi
536 2971 621 3034 Petri
649 2970 728 3044 222,
759 2977 791 3034 02
820 2971 952 3050 pallium
983 2987 1095 3034 conce·

402 3065 459 3128 dit.
481 3063 552 3128 233.

343 3155 381 3219 ll.
405 3144 628 3220 Gathedrelem
659 3156 826 3220 ecclesiam
856 3157 889 3220 S.
921 3155 1095 3220 Salvatoris

403 3251 436 3312 in
458 3249 604 3314 America
625 3249 767 3314 Centrali
788 3249 895 3328 erigit.
923 3247 993 3313 220.

344 3343 395 3407 222.
419 3342 560 3406 Ecclesia
582 3343 769 3422 episcopalis
792 3341 825 3406 S.
843 3342 1015 3407 Salvatoris
1035 3341 1096 3404 eri·

406 3437 493 3515 gitur
514 3437 547 3500 in
570 3437 731 3500 basilicam
754 3437 927 3501 minorem.
949 3435 1021 3500 222.

345 3531 410 3595 llll.
434 3531 596 3610 2202000οο
628 3529 725 3594 202200
757 3529 929 3595 Caesareae
961 3531 1097 3610 eiusque

405 3625 643 3688 successoribus
670 3623 824 3688 tribuitur
845 3625 879 3687 in
901 3631 1096 3703 perpetuum

406 3717 536 3782 lacultas
565 3733 694 3780 crucem
723 3725 797 3780 ante
825 3734 860 3780 se
888 3717 1037 3781 elevandi
1063 3718 1097 3780 in

406 3812 487 3876 dicta
508 3811 635 3874 civitate
654 3809 788 3889 eiusque
804 3810 944 3874 dioecesi
959 3817 1095 3883 tantum,

407 3905 443 3967 02
466 3905 566 3966 instar
587 3903 924 3983 Archieplscoporum.
948 3903 1026 3966 lbid.

347 3997 426 4062 22222.
450 3996 597 4060 Paroecia
624 3997 814 4062 cathedralis
839 3996 1016 4076 2200000022
1038 3999 1099 4060 rei·

409 4091 553 4172 publicae
576 4089 738 4170 20002020
763 4108 781 4154 0
803 4091 956 4154 decanatu
985 4089 1099 4154 dividi·

408 4193 471 4257 tur,
496 4192 528 4248 et
549 4185 583 4247 in
605 4184 826 4248 canonicatum
848 4184 997 4262 erigitur.
1026 4183 1096 4248 2222.

579 4369 685 4436 PIUS
710 4371 778 4436 ΡΡ.
803 4371 878 4437 ΙΧ..

348 4560 371 4622 l.
388 4559 545 4639 Episcopo
558 4557 745 4638 2200020002
760 4559 909 4638 regimen
924 4565 956 4624 et
967 4559 1100 4622 admini-

408 4655 596 4717 strationem
619 4651 789 4716 vicariatus
809 4653 974 4733 apostolici
988 4652 1100 4733 liu-pb

408 4748 591 4810 committit.
614 4746 685 4810 227.

350 4840 386 4904 22.
410 4841 566 4919 Episcopo
588 4840 790 4918 2200020002,
814 4838 883 4904 220.
906 4841 965 4918 Ap.
990 4840 1100 4920 ltu-pe

409 4933 441 4996 in
458 4933 552 5006 Sinis,
569 4933 724 4996 tribuitur
739 4931 870 4997 20002200
884 4933 1027 5012 eligendi
1040 4934 1101 4998 sibi

408 5027 627 5092 coadiutorem
649 5042 723 5090 cum
744 5027 816 5090 iure
835 5027 961 5090 luturae
977 5043 1101 5090 succes·

410 5121 520 5183 sionis.
544 5120 623 5184 lbid.

350 5215 398 5278 lll.
416 5214 579 5278 hudovico
590 5213 766 5293 Napoleoni
781 5214 820 5276 lll
836 5213 1031 5278 Francorum
1044 5215 1102 5277 im·

410 5309 562 5387 perstem,
585 5308 673 5370 iuxta
703 5309 847 5382 modum,
871 5309 1017 5372 concedit
1038 5326 1102 5372 ma·

410 5417 512 5480 guum
542 5402 837 5482 eleemosynarium
865 5409 899 5466 02
925 5412 1103 5466 castrenses

411 5496 625 5576 cappellanus.
648 5494 719 5559 228.

350 5589 402 5654 22.
426 5589 557 5652 Primati
579 5588 810 5653 Armeniorum
838 5588 1104 5669 constantinopo-

411 5684 450 5746 lis
472 5683 595 5748 litteras
617 5682 720 5746 relert
740 5701 756 5745 0
778 5683 903 5746 duobus
917 5683 1044 5747 vicariis
1059 5682 1104 5746 to·

412 5778 530 5850 200020,
553 5794 570 5839 0
591 5776 631 5840 22
650 5775 868 5840 sacerdotibus
883 5794 918 5840 00
934 5777 1104 5856 permultis

411 5871 638 5950 spectabilibus
666 5869 753 5934 laicis
781 5871 918 5934 armenii
946 5871 1029 5934 ritus
1056 5888 1105 5934 00·

411 5971 537 6045 000200,
570 5963 788 6030 asserentibus
818 5981 854 6030 se
885 5982 901 6028 a
932 5963 1103 6028 schismate

1818 591 1877 658 382

1206 729 1379 794 emersisse
1400 738 1433 796 et
1455 747 1514 810 pro
1536 730 1599 796 220
1620 729 1774 794 catholica
1791 730 1898 794 omnia

1208 824 1331 902 perpeti
1356 830 1480 903 paratos
1501 839 1582 886 esse.
1610 822 1648 886 Ei
1670 823 1839 895 commitit,
1863 829 1899 885 ut

1204 915 1269 978 illis
1297 917 1451 996 pontificii
1479 917 1519 980 de
1547 916 1662 980 20020
1684 915 1783 979 animi
1812 915 1899 978 laeti·

1205 1009 1280 1071 tiam
1311 1015 1344 1073 et
1375 1025 1490 1074 sensus
1522 1009 1722 1082 manifestet,
1756 1023 1898 1087 eumque

1204 1103 1320 1166 excitat
1340 1103 1377 1166 ad
1407 1121 1462 1167 eos
1484 1103 1639 1166 lovendos
1666 1119 1701 1166 ac
1723 1103 1843 1166 maiora
1864 1103 1897 1164 in

1205 1197 1280 1260 2202
1302 1197 1532 1277 propagatione
1555 1197 1755 1260 incrementa
1775 1195 1809 1258 in
1831 1195 1898 1258 dies

1206 1291 1355 1354 curanda.
1377 1288 1448 1354 2220.

1149 1381 1184 1446 2.
1202 1379 1389 1462 Respondet
1399 1382 1597 1446 Patriarchae
1608 1381 1839 1446 Armeniorum
1851 1380 1899 1445 ct-

1206 1476 1296 1539 liciae
1318 1477 1433 1554 gratias
1452 1477 1561 1554 agenti
1576 1477 1617 1538 ob
1632 1489 1793 1538 summam
1808 1473 1899 1538 mille

1207 1576 1375 1632 scutorum
1396 1587 1413 1632 0
1434 1569 1588 1634 20022200
1618 1569 1723 1632 datam
1754 1568 1792 1632 ad
1819 1574 1900 1631 tem·

1208 1663 1299 1742 plum
1321 1663 1354 1725 iu
1376 1663 1495 1743 oppido
1517 1663 1634 1726 llarasc
1654 1662 1898 1734 aedificandum,

1206 1765 1240 1820 et
1260 1756 1424 1820 nuncianti
1452 1756 1609 1835 plurimos
1631 1772 1672 1820 er
1692 1753 1901 1818 schismaticis
2018 1803 2019 1808 ,

1206 1847 1291 1912 222200
1320 1850 1427 1929 oppidi
1455 1849 1493 1913 ad
1525 1849 1699 1913 Ecclesiam
1726 1863 1900 1921 remeasse,

1207 1941 1302 2020 eique
1330 1943 1452 2005 animos
1481 1941 1579 2016 addit,
1602 1947 1641 2005 ut
1665 1942 1744 2006 alios
1772 1955 1903 2020 quoque

1206 2034 1244 2098 ad
1267 2037 1424 2098 unitatem
1447 2042 1590 2098 revocet.
1613 2034 1684 2098 222.

1147 2127 1198 2191 22.
1219 2127 1418 2192 Patriarchae
1436 2127 1665 2209 babylonensis
1679 2127 1815 2206 eiusque
1830 2125 1903 2207 Epi·

1206 2237 1378 2300 scoporum
1409 2221 1645 2285 observantiam
1677 2237 1754 2299 erga
1784 2219 1901 2286 Sedent

1208 2315 1421 2394 Apostolicam
1443 2315 1559 2387 laudat,
1580 2332 1615 2378 ac
1630 2316 1807 2394 respondet
1820 2315 1901 2378 02200

1207 2425 1321 2472 sensus
1354 2409 1394 2472 de
1428 2409 1515 2472 civili
1548 2408 1727 2488 principatu
1758 2407 1903 2472 Pontifici

1209 2503 1382 2565 imminuto
1416 2501 1605 2582 patefactos,
1638 2515 1760 2580 eosque
1788 2501 1905 2567 excitat

1208 2597 1245 2660 ad
1270 2597 1406 2675 populos
1428 2597 1637 2660 instruendos
1658 2596 1698 2660 de
1719 2595 1850 2659 laliaciis
1872 2603 1905 2660 et

1209 2691 1376 2754 erroribus
1405 2691 1461 2768 qui
1490 2690 1729 2763 didunduntur,
1756 2697 1790 2753 02
1810 2691 1847 2754 02
1870 2689 1904 2753 2-

1209 2784 1284 2847 dem
1314 2783 1467 2862 Delegato
1492 2781 1678 2861 Apostolico
1706 2783 1904 2856 habendam,

1210 2878 1250 2940 de
1272 2892 1337 2956 quo
1364 2878 1426 2940 iam
1455 2876 1533 2956 ipsis
1561 2875 1594 2940 S.
1617 2875 1834 2955 congregatio
1855 2891 1906 2940 re·

1209 2971 1393 3051 sponderat.
1416 2969 1488 3035 2222.

1150 3063 1216 3129 222.
1239 3063 1391 3140 Quoritur
1414 3079 1489 3128 cum
1511 3063 1668 3144 Episcopo
1690 3063 1906 3144 l'iraspolensi

1210 3157 1297 3235 quod
1318 3157 1452 3221 Armeni
1474 3158 1546 3220 eius
1562 3157 1718 3221 dioecesis
1733 3157 1838 3222 202220
1853 3158 1907 3222 20-

1210 3251 1384 3314 stituantur
1402 3266 1479 3313 cura
1495 3250 1667 3330 spirituali,
1684 3251 1777 3315 illum
1792 3251 1907 3315 adhor-

1211 3347 1308 3415 tatur,
1332 3349 1369 3406 ut
1389 3343 1505 3406 sedulo
1533 3344 1640 3408 studio
1668 3344 1745 3424 ipsis
1772 3344 1908 3423 opitule-

1213 3441 1277 3509 tur,
1300 3451 1422 3514 eosque
1451 3453 1565 3516 perso
1587 3438 1641 3501 vel
1670 3454 1727 3517 per
1750 3436 1908 3516 8022000-

1212 3545 1310 3593 ueum
1338 3527 1448 3594 'visitet
1477 3548 1512 3594 ac
1539 3531 1579 3594 de
1609 3547 1725 3594 eorum
1754 3545 1905 3604 numero,

1212 3623 1358 3703 parochis
1380 3640 1415 3688 00
1436 3631 1521 3688 statu
1537 3625 1574 3688 02
1591 3625 1624 3689 S.
1643 3624 1761 3690 Sodom
1776 3623 1907 3699 2020202,

1212 3733 1247 3780 00
1265 3717 1365 3781 simul
1380 3715 1492 3781 220200
1509 3734 1623 3783 omues
1639 3719 1708 3782 eius
1723 3734 1820 3782 curae
1834 3733 1910 3782 con-

1213 3811 1352 3874 creditos
1374 3812 1408 3874 in
1430 3811 1498 3874 dies
1521 3813 1623 3890 magis
1646 3811 1772 3876 erudiat
1787 3819 1820 3875 ot
1833 3827 1909 3877 cou-

1212 3904 1332 3968 drmet.
1355 3903 1427 3968 2223.

1153 3995 1232 4062 2222.
1257 3997 1366 4076 Agens
1387 4013 1462 4062 cum
1484 3997 1665 4062 Patriarcha
1685 3997 1909 4064 llolchitarum
1941 4037 1944 4044 -

1214 4091 1254 4153 de
1276 4089 1424 4170 plurimis
1442 4091 1653 4156 schismaticis
1668 4093 1766 4156 tidem
1781 4091 1911 4156 catholi-

1215 4199 1285 4248 cam
1306 4183 1586 4264 amplectentibus,
1606 4187 1634 4249 ei
1656 4185 1814 4264 significat
1828 4200 1910 4264 quae

1150 4277 1152 4284 '
1214 4277 1357 4350 iusserit,
1382 4287 1414 4343 et
1435 4287 1510 4356 aget
1536 4286 1573 4342 ut
1597 4281 1746 4342 conversi
1766 4277 1910 4343 subsidio

1215 4369 1322 4448 aliquo
1352 4371 1527 4445 iurentur,
1558 4379 1591 4436 et
1613 4387 1757 4450 congrue
1778 4387 1911 4452 respon·

1216 4463 1330 4527 deatur
1351 4463 1586 4544 Episcoporum
1604 4465 1721 4529 litteris
1735 4465 1823 4528 adse
1837 4466 1912 4528 mis-

1215 4557 1277 4633 sis;
1301 4557 1454 4636 praecipit
1475 4559 1619 4638 insuper,
1639 4566 1673 4622 et
1693 4559 1732 4622 ab
1754 4559 1909 4640 Episcopo

1216 4649 1351 4714 Eacario
1366 4653 1525 4716 rationem
1539 4639 1626 4732 00202
1636 4654 1792 4732 00000200
1803 4655 1837 4716 in
1849 4653 1911 4717 Eu-

1216 4759 1293 4824 2000
1304 4745 1469 4818 collectae,
1482 4752 1594 4825 utpote
1605 4761 1688 4826 quae
1701 4747 1910 4826 expendenda

1216 4839 1257 4902 sit
1278 4839 1311 4902 in
1330 4837 1491 4902 Ecclesiae
1507 4855 1641 4917 graecae
1656 4849 1689 4904 ot
1703 4841 1911 4904 redeuntium

1215 4932 1253 4995 ad
1276 4933 1373 4997 tidem
1396 4933 1581 4996 utilitatem.
1604 4933 1675 4998 sot.

1156 5025 1209 5090 lx.
1232 5026 1423 5105 congaudet
1451 5026 1614 5107 praelecto
1640 5029 1814 5108 apostolico
1836 5031 1911 5094 mis-

1218 5121 1347 5186 sionum
1375 5121 1583 5202 Quan-tong,
1611 5121 1749 5198 Quen-si
1777 5130 1810 5187 02
1836 5123 1913 5187 llai·

1219 5232 1301 5290 non,
1341 5217 1396 5296 qui
1431 5216 1589 5280 retulerat
1623 5218 1763 5296 primum
1800 5218 1940 5294 2002000,

1220 5310 1357 5389 lapidem
1387 5310 1465 5372 novi
1493 5310 1666 5373 extruendi
1699 5311 1811 5391 templi
1840 5327 1913 5375 cum

1219 5419 1334 5480 magna
1351 5402 1447 5465 etiam
1463 5403 1645 5467 infidelium
1660 5403 1852 5482 trequentia,
1870 5405 1913 5468 ei-

1218 5510 1282 5574 que
1304 5503 1337 5560 et
1359 5495 1568 5558 missionariis
1597 5496 1721 5559 animos
1748 5497 1855 5561 adiicit
1875 5499 1912 5560 ad

1218 5589 1316 5652 tidem
1347 5589 1584 5670 propagandam
1611 5589 1777 5654 02220200
1798 5591 1914 5654 condr-

1222 5684 1366 5746 mandos.
1389 5682 1461 5746 22222.

1160 5778 1198 5842 ll.
1222 5777 1383 5858 Reprobat
1398 5777 1583 5840 scholarum
1599 5778 1828 5852 ordinationes,
1845 5778 1914 5857 qui·

1219 5873 1279 5936 bus
1300 5870 1479 5934 iuventutis
1498 5871 1735 5934 institutionem
1751 5872 1791 5934 ab
1805 5871 1911 5936 Eccle-

1219 5966 1283 6029 siae
1304 5965 1469 6045 vigilautia
1489 5971 1652 6030 amovent.
1676 5963 1756 6029 lbid.
