4814 6998
826 589 1016 641 rnacrarns
1038 593 1094 640 111
1117 592 1329 641 concorpora
1407 617 1411 624 -

337 713 356 789 ἓ
377 715 407 776 2.
430 710 463 776 Id
484 731 560 776 sanc
582 713 785 792 potissimum
803 715 941 776 intendit
959 728 1047 791 prae·
1074 717 1077 807 l

1777 570 1838 640 2911

1105 721 1137 776 11
1152 713 1329 774 1111111111
1345 713 1461 790 prioris
1475 719 1575 773 status
1602 711 1790 774 earumdem
1806 728 1856 774 ec·

298 807 447 869 decessor
469 815 580 872 noster
601 807 703 869 lelicis
725 807 954 869 recordationis
977 805 1048 868 Pius
1075 834 1077 913 4
1105 807 1275 868 elesiarum
1309 813 1341 866 11
1372 805 1605 884 capitulorum,
1637 805 1854 874 decernimus,

299 899 461 979 Septimus
483 917 541 980 pro
566 918 660 972 cura,
695 917 790 978 quam
822 903 855 962 in
880 901 1048 978 religionis
1075 940 1078 976 :

298 995 461 1066 utilitates,
477 995 531 1056 ubi
545 995 684 1056 maxime
696 995 735 1056 de
749 995 847 1072 ipsius
863 994 1048 1056 discrimine

299 1089 510 1150 metuendum
527 1088 707 1160 videbatur,
722 1089 818 1150 enixe
829 1086 1046 1166 impendebat,

299 1182 956 1260 11111111111111111111111111111111111
969 1188 1049 1242 tem-

299 1291 412 1354 porum
439 1276 634 1338 calamitates
657 1276 806 1338 omnibus
830 1275 861 1336 in
886 1282 948 1338 tota
974 1275 1048 1336 Ger-

298 1369 401 1430 mania
436 1369 668 1447 episcopalibus
701 1369 830 1430 sedibus
868 1374 1049 1447 opportune

301 1463 484 1541 prospicere
516 1463 649 1534 studuit,
674 1464 946 1540 cogitationesque
978 1477 1049 1522 1111

302 1557 420 1633 pariter
445 1557 605 1618 convertit
630 1557 666 1618 ad
697 1557 773 1619 duas
800 1556 987 1634 antiquitate
1019 1562 1051 1617 et

299 1650 454 1728 dignitate
487 1657 685 1728 praestantes
714 1650 882 1722 ecclesias,
918 1649 1051 1712 llildesi-

301 1759 446 1805 mensem
479 1743 601 1805 scilicet
632 1750 727 1820 atque
756 1741 1049 1820 osnabrugensem,

300 1853 380 1914 quae
402 1852 506 1914 usque
534 1854 550 1898 a
579 1836 683 1900 Caroli
717 1837 818 1914 Magni
850 1852 929 1899 aevo
961 1852 1048 1898 suam

300 1933 421 1992 ducunt
443 1931 614 2008 originem,
639 1946 786 2008 quaeque
809 1947 893 1994 nunc
918 1933 1001 1993 intra
1017 1931 1051 1992 h·

301 2041 358 2086 111
380 2025 613 2102 llannoveriani
636 2025 729 2102 regni
751 2027 969 2088 continentur.

340 2119 409 2194 §3-
432 2117 476 2180 lle
499 2124 668 2196 propterea
690 2118 802 2182 collata
823 2135 896 2180 cum
917 2118 1052 2181 serenis-

302 2211 383 2273 simo
408 2211 547 2288 Georgio
574 2211 692 2285 Quarto
721 2227 898 2289 regnorum
923 2213 1052 2288 Magnae

302 2303 481 2366 Britanniae
498 2311 531 2366 et
545 2303 715 2366 Hiberniae
731 2306 896 2367 unitorum
913 2321 972 2367 nec
988 2321 1051 2366 non

302 2396 510 2459 llannoverae
533 2413 622 2474 rege,
640 2415 673 2458 ac
694 2397 930 2460 Brunswiceusi
946 2405 978 2460 et
992 2397 1052 2458 Lu·

302 2491 499 2567 neburgensi
510 2491 602 2563 duce,
612 2491 756 2554 laudatus
769 2492 926 2564 Pontifex,
938 2493 1052 2556 auditis

302 2584 397 2646 etiam
413 2584 578 2646 nonnullis
595 2601 635 2646 ex
652 2585 890 2648 venerabilibus
902 2586 1052 2648 tratribus

304 2679 421 2740 nostris
444 2677 576 2740 Sanctae
600 2677 760 2741 Romanae
790 2679 949 2741 Ecclesiae
980 2678 1052 2741 Car·

303 2771 473 2843 dinalibus,
497 2772 537 2834 de
560 2771 693 2834 laciliori
719 2773 844 2835 ratione
875 2773 1053 2836 deliberan-

303 2870 380 2931 dum
402 2869 538 2941 censuit,
562 2885 643 2947 quae
671 2871 811 2932 intanta
841 2887 951 2932 rerunt
980 2868 1053 2934 con-

303 2963 454 3026 versione
476 2963 675 3034 occurrebat,
699 2964 792 3025 unice
815 2965 851 3026 ad
876 2964 963 3026 binas
985 2964 1053 3027 illas

305 3056 500 3135 episcopales
516 3057 608 3119 sedes
624 3073 696 3118 cum
712 3058 778 3119 suis
790 3059 935 3136 capitulis
947 3058 1054 3136 aliquo

307 3159 395 3228 pacto
417 3152 659 3224 conservandas,
676 3158 771 3228 atque
793 3152 901 3213 dotem
924 3152 999 3230 ipsis
1021 3169 1055 3214 ac

305 3245 478 3314 dioeceses,
492 3259 555 3321 quo
569 3251 673 3322 potest
684 3245 796 3322 aptius,
809 3245 1051 3322 praellnientlas.

344 3338 363 3412 5
384 3337 413 3397 1.
443 3336 591 3414 Cumque
621 3353 691 3408 nos,
715 3337 839 3398 meritis
861 3339 936 3400 licet
957 3339 1054 3417 impa-

304 3430 405 3502 ribus,
429 3431 465 3493 ad
493 3431 612 3492 summi
634 3431 834 3508 pontificatus
860 3432 993 3510 apicem,
1010 3433 1054 3494 di-

303 3523 376 3584 vina
398 3524 442 3584 sic
464 3523 654 3600 disponente
670 3524 879 3601 benignitate,
897 3525 1055 3587 fuerimus

304 3619 437 3689 evocati,
461 3617 493 3679 in
510 3618 540 3679 id
557 3619 651 3680 etiam
667 3618 780 3682 sedulo
794 3620 982 3682 incumbere
1003 3619 1055 3681 de-

304 3711 443 3782 buimus,
467 3727 508 3774 ne
530 3712 569 3774 de
591 3712 644 3774 illa
677 3713 823 3776 catholici
853 3713 961 3791 gregis
983 3729 1054 3792 por-

305 3805 391 3868 tione
413 3808 520 3869 minus
542 3807 669 3870 solliciti
693 3807 892 3870 videremur.
924 3807 1055 3886 Perspe-

303 3900 410 3962 ximus
424 3901 553 3978 quidem
566 3919 581 3962 a
595 3917 760 3963 sacrorum
773 3916 931 3962 canonum
946 3901 1055 3978 rigore

305 3993 388 4056 haud
421 3995 627 4056 mediocriter
660 3995 905 4072 temperandum
937 3993 1052 4066 luisse,

303 4087 509 4165 multumque
531 4087 689 4158 locorum,
713 4095 899 4164 temporum
920 4103 953 4148 ac
984 4103 1055 4166 per-

304 4197 455 4244 sonarum
479 4181 653 4253 conditoni,
677 4181 811 4258 aliisque
833 4180 864 4242 id
882 4197 984 4258 genus
1001 4198 1054 4260 pe·

305 4274 477 4338 culiaribns
492 4277 648 4340 adiunctis
663 4275 884 4337 tribuendum.
909 4274 965 4337 Ast
980 4291 1052 4338 cum

305 4369 445 4431 maxime
467 4377 633 4445 congruat,
651 4369 936 4448 praedecessorum
958 4369 1054 4430 vesti-

306 4463 365 4540 giis
400 4463 571 4524 inhaerere
598 4473 692 4540 atque
718 4463 755 4524 ad
786 4463 908 4524 exitum
938 4463 1055 4540 perdu-

305 4572 390 4628 cere,
414 4573 496 4634 quae
511 4556 584 4618 Pius
600 4557 763 4634 Septimus
780 4564 884 4617 morte
901 4569 1055 4633 praeven-

305 4657 356 4711 tus
371 4649 518 4727 nequivit
533 4649 724 4727 apostolicae
740 4649 934 4711 auctoritatis
952 4649 1055 4710 muni-

307 4743 394 4806 mine
417 4743 581 4814 roborare,
605 4757 726 4805 novum
749 4743 781 4803 in
809 4741 1055 4805 Hannoveriano

304 4853 407 4914 regno
430 4836 635 4900 ecclesiarum
654 4843 686 4898 et
700 4835 913 4914 capitulorum
937 4845 1054 4899 statum

307 4945 475 5009 novosque
507 4931 703 4994 dioecesium
734 4929 852 4992 limites
874 4932 910 4992 ad
940 4946 1054 4993 eorum

306 5041 465 5093 normam.
484 5041 565 5104 quac
588 5026 733 5088 laudatus
749 5025 978 5103 praedecessor
999 5025 1054 5086 du·

306 5126 395 5181 xerat
419 5119 625 5191 admittenda,
659 5119 809 5182 constitui
840 5119 1054 5182 necessarium

306 5213 541 5292 conspeximus.

346 5308 414 5382 §tt
438 5306 597 5392 Habentes
626 5307 725 5383 igitur
755 5323 812 5384 pro
838 5309 999 5386 expressis
1021 5327 1055 5372 ac

307 5402 347 5462 de
369 5401 471 5462 verbo
486 5401 523 5463 ad
539 5400 677 5463 verbum
694 5401 824 5478 prolatis
839 5402 875 5462 111
893 5403 1053 5475 omnibus,

307 5509 388 5571 quae
416 5494 652 5573 praedictarum
681 5495 888 5557 ecclesiarum
915 5503 947 5556 11
975 5498 1056 5574 capi-

309 5589 452 5652 tulorum
468 5589 629 5650 anteriora
640 5589 721 5661 iura,
735 5589 903 5667 privilegia
918 5607 952 5653 ac
967 5605 1056 5669 prae-

309 5685 467 5760 rogativas
494 5681 698 5760 respiciunt,
723 5690 755 5744 et
783 5684 954 5746 consensui
983 5700 1056 5763 sup·

309 5776 432 5854 pientes
448 5791 562 5839 eorum
580 5777 738 5848 omnium,
762 5791 901 5854 quorum
917 5777 1055 5851 intersit,

309 5869 348 5932 de
359 5870 550 5949 apostolicae
563 5871 728 5949 potestatis
740 5870 952 5949 plenitudine,
968 5887 1058 5949 prae-

309 5963 359 6026 111
382 5965 567 6026 omnimoda
593 5965 836 6044 suppressione,
860 5965 1057 6028 extinctione

1105 901 1190 977 quod
1213 915 1253 961 ex
1277 916 1363 962 nunc
1385 901 1417 961 in
1434 907 1599 976 posterum
1617 899 1793 978 capitulum
1810 915 1858 960 ca-

1107 994 1258 1056 thedralis
1280 993 1434 1056 ecclesiae
1451 993 1691 1056 llildesimensis
1709 993 1858 1055 ellorme·

1107 1095 1159 1148 tur
1180 1087 1218 1148 ab
1240 1087 1333 1148 unica
1356 1087 1526 1149 decanatus
1548 1087 1721 1162 dignitate,
1746 1095 1778 1148 et
1800 1101 1856 1147 sex

1106 1181 1277 1250 canonicis,
1301 1197 1335 1242 11
1357 1188 1494 1257 quatuor
1526 1181 1652 1242 vicariis
1680 1197 1738 1242 seu
1769 1195 1857 1258 prae·

1107 1274 1261 1337 bendatis.

1146 1372 1164 1444 5
1186 1369 1215 1431 6.
1240 1369 1367 1432 1111111
1389 1369 1583 1448 Episcopalis
1599 1370 1695 1431 annui
1712 1369 1857 1430 redditus

1106 1471 1204 1527 crunt
1219 1463 1251 1524 in
1270 1479 1395 1525 summa
1410 1471 1547 1542 quatuor
1565 1463 1702 1525 millium
1721 1463 1857 1524 111111111-

1108 1572 1179 1619 rum
1197 1563 1345 1620 monetae
1361 1557 1626 1628 conventionalis,
1640 1563 1676 1618 ut
1691 1555 1772 1618 inlra
1787 1571 1858 1634 per·

1108 1649 1342 1728 cipicndorum,
1356 1641 1536 1729 Ι1111111111
1551 1651 1645 1713 aedes
1659 1665 1716 1728 pro
1733 1649 1859 1712 decenti

1109 1743 1313 1816 habitatione,
1344 1746 1456 1806 sinon
1482 1744 1596 1814 adsint.
1630 1745 1758 1806 noviter
1786 1743 1858 1830 Epi-

1108 1853 1204 1916 scopo
1228 1845 1324 1900 erunt
1345 1838 1577 1901 attribuendae.

1150 1933 1168 2007 ς
1191 1931 1219 1992 7.
1243 1930 1386 1994 Decanus
1403 1931 1529 2010 capituli
1547 1929 1737 1994 cathedralis
1753 1947 1859 1993 annuo

1109 2025 1236 2088 redditu
1260 2024 1460 2087 thalerorum
1488 2025 1577 2088 mille
1606 2025 1859 2102 quingentorum

1110 2125 1257 2181 monetae
1280 2119 1546 2192 conventionalis,
1570 2121 1634 2183 duo
1656 2118 1796 2182 canonici
1813 2135 1860 2180 se-

1109 2214 1216 2274 niores
1240 2212 1328 2274 mille
1350 2219 1487 2289 quatuor
1514 2221 1655 2284 centum,
1687 2214 1802 2277 tertius
1829 2223 1861 2276 et

1108 2314 1242 2384 quartus
1271 2307 1441 2368 canonicus
1474 2307 1574 2378 mille,
1609 2309 1765 2384 postremi
1797 2308 1861 2370 duo

1109 2401 1251 2464 canonici
1274 2402 1548 2476 octingentorum,
1572 2418 1606 2464 ac
1626 2411 1764 2478 quatuor
1779 2403 1862 2464 vica·

1109 2494 1147 2555 rii
1163 2510 1219 2557 seu
1238 2493 1443 2573 praebendati
1459 2501 1740 2570 quatuorcentum,
1758 2503 1793 2558 ut
1814 2497 1860 2556 in·
1921 2495 1927 2504 '

1109 2586 1154 2648 111
1167 2589 1460 2666 percipiendorum,
1472 2588 1650 2666 respective
1663 2589 1859 2665 gaudebunt,

1108 2687 1203 2758 atque
1226 2682 1358 2760 insuper
1380 2681 1538 2754 decanus,
1569 2682 1705 2758 quilibet
1735 2683 1861 2744 canoni-

1109 2791 1164 2836 cus
1186 2783 1219 2836 et
1240 2775 1303 2836 duo
1326 2775 1435 2837 vicarii
1461 2775 1494 2836 in
1517 2775 1629 2838 ordine
1653 2777 1776 2852 priores
1807 2777 1861 2836 do-

1111 2883 1180 2930 mos
1214 2867 1387 2940 habebunt,
1421 2869 1597 2944 unicuique
1629 2885 1741 2930 eorum
1772 2884 1860 2946 prac-

1111 2962 1232 3023 bendae
1260 2962 1477 3039 assignandas.

1150 3057 1168 3130 g
1189 3053 1218 3116 8.
1237 3057 1282 3117 hd
1301 3056 1485 3117 huiusmodi
1501 3061 1607 3116 autem
1628 3055 1772 3117 redditus
1787 3073 1858 3118 con-

1111 3150 1289 3212 stituendos
1321 3149 1479 3228 praetatus
1504 3147 1662 3226 Georgius
1698 3165 1755 3212 rex
1788 3167 1857 3229 spo·

1112 3243 1224 3320 pondit
1245 3243 1327 3304 intra
1356 3243 1616 3320 quadriennium,
1645 3261 1660 3304 a
1680 3245 1749 3305 data
1771 3260 1860 3324 prae·

1110 3337 1249 3398 sentium
1271 3337 1521 3408 numerandum,
1536 3343 1582 3397 tot
1597 3335 1711 3398 lundos
1730 3355 1764 3400 ac
1780 3338 1860 3399 bona

1111 3431 1245 3503 stabilia,
1270 3432 1408 3494 decimas
1431 3439 1463 3493 et
1485 3447 1599 3492 census
1625 3431 1726 3493 reales
1748 3431 1859 3494 iisdem

1111 3525 1268 3604 Episcopo
1290 3532 1322 3587 11
1339 3524 1495 3603 Capitulo,
1514 3541 1560 3596 ea,
1578 3541 1638 3602 qua
1654 3525 1790 3602 singulis
1807 3541 1861 3604 par

1112 3625 1171 3688 est,
1189 3621 1377 3695 quantitate,
1395 3635 1429 3681 se
1453 3619 1656 3690 traditurum,
1674 3627 1752 3697 quot
1774 3636 1861 3698 prae-

1111 3711 1202 3774 dictis
1215 3713 1328 3774 annuis
1341 3711 1512 3789 adsignatis
1528 3713 1705 3776 redditibus
1721 3714 1758 3776 ab
1774 3713 1862 3775 omni

1111 3808 1343 3883 cuiuscumque
1366 3809 1496 3883 generis
1518 3823 1617 3869 onere
1639 3823 1769 3886 prorsus
1785 3807 1861 3870 libe·

1111 3904 1154 3962 ris
1177 3911 1209 3964 11
1224 3900 1422 3962 immunibus
1437 3902 1664 3978 respondeant,
1681 3905 1723 3966 ita
1742 3909 1859 3971 tamen,

1111 4003 1147 4056 ut
1168 4003 1259 4056 antea
1282 4010 1339 4073 per
1368 3993 1606 4072 inlrascriptum
1637 3984 1751 4058 harum
1779 3995 1862 4057 litte-

1111 4104 1220 4149 rarum
1244 4095 1481 4165 exequutorcm
1503 4087 1693 4165 apostolicae
1715 4089 1799 4151 sedis
1815 4090 1861 4151 iu-

1111 4183 1194 4246 dicio
1209 4181 1428 4253 subiiciuntur,
1446 4197 1510 4259 quo
1526 4191 1671 4245 accurate
1690 4199 1859 4260 perpenso,

1111 4277 1323 4338 necessariam
1346 4275 1383 4338 ab
1406 4277 1472 4354 ipsa
1501 4275 1763 4353 adprobationem
1787 4292 1862 4337 nan·

1111 4371 1281 4433 ciscantur.
1300 4370 1424 4432 lnterea
1436 4383 1527 4441 vero,
1541 4369 1644 4433 donec
1655 4369 1776 4434 isthaec
1791 4372 1860 4432 red-

1112 4464 1239 4526 dituum
1263 4463 1439 4540 adsignatio
1462 4463 1494 4524 in
1517 4462 1624 4524 lundis
1646 4463 1786 4528 achonis
1802 4473 1862 4528 sta·

1111 4556 1241 4629 bilibus,
1266 4558 1398 4620 decimis
1420 4557 1636 4633 censibusque
1659 4559 1798 4621 realibus
1817 4559 1862 4620 lo·

1112 4665 1185 4714 cum
1199 4651 1322 4722 habeat,
1336 4657 1532 4736 memoratae
1548 4667 1693 4713 summac
1706 4652 1862 4731 Episcopo

1113 4753 1145 4806 et
1159 4744 1304 4822 Capitulo
1326 4761 1342 4804 a
1366 4743 1518 4806 thesauro
1540 4745 1631 4821 regio
1647 4747 1817 4822 quotannis
1828 4746 1860 4808 in

1113 4838 1246 4916 pecunia
1268 4846 1437 4901 numerata
1450 4839 1578 4916 integre
1597 4856 1631 4901 ac
1647 4838 1749 4902 libere
1765 4848 1861 4902 eruut

1112 4933 1355 5010 persolvendae.

1151 5028 1169 5101 ἓ
1192 5025 1221 5088 e.
1239 5025 1326 5100 Quod
1346 5041 1426 5089 vero
1441 5033 1562 5106 spectat
1578 5028 1753 5091 Ecclesiam
1768 5026 1862 5091 0111-

1112 5119 1323 5198 brugensem,
1347 5121 1497 5197 quoniam
1530 5131 1717 5200 praesentes
1749 5138 1861 5184 rerum

1112 5215 1370 5276 circumstantiae
1392 5221 1563 5293 utramque
1578 5216 1744 5279 ecclesiam
1760 5215 1861 5278 dotari

1112 5323 1206 5386 posse
1227 5323 1292 5369 non
1313 5309 1432 5380 sinunt,
1461 5324 1543 5371 nova
1574 5310 1672 5388 ipsius
1704 5309 1862 5374 01111111-

1113 5402 1223 5478 gensis
1258 5400 1443 5480 episcopalis
1479 5418 1627 5476 mensae,
1664 5404 1793 5482 capituli
1829 5421 1862 5468 11

1112 5495 1275 5557 seminarii
1298 5495 1415 5558 dotatio
1431 5513 1582 5575 suspensa
1598 5505 1729 5575 perstet,
1746 5513 1863 5576 usque·

1112 5589 1189 5650 dum
1220 5591 1397 5652 necessaria
1427 5590 1463 5651 ad
1496 5590 1526 5651 id
1554 5597 1726 5668 suppetant
1747 5593 1860 5663 media,

1113 5699 1177 5760 quo
1200 5700 1273 5746 casu
1297 5684 1330 5745 in
1352 5683 1468 5756 lundis,
1493 5683 1585 5746 bonis
1606 5683 1785 5758 stabilibus,
1809 5687 1862 5749 de·

1113 5778 1220 5850 cimis,
1256 5779 1469 5854 censibusque
1506 5776 1645 5839 realibus
1678 5779 1741 5843 erit
1769 5781 1863 5857 perli-

1114 5873 1243 5943 oienda,
1276 5878 1371 5948 atque
1404 5878 1479 5933 tunc
1504 5869 1759 5948 osnabrugensis
1792 5873 1862 5952 Epi-

1113 5979 1231 6041 scopus
1253 5979 1318 6025 non
1347 5979 1439 6027 secus
1460 5981 1494 6026 ac
1525 5963 1701 6044 Episcopus
1730 5965 1863 6028 llildesi-
