4814 6998
837 553 1029 602 TRACTATUS
1051 555 1108 603 snb
1131 556 1344 604 CCNCORDATA

309 673 406 737 iidem
423 671 484 736 riri
499 671 666 736 canonicae
680 673 775 735 buius
787 673 997 736 institutionis
1009 673 1058 735 lit-

310 777 392 831 teras
414 767 601 847 apostolicas
624 767 835 840 obtinuerint,
852 767 943 830 nullo
963 767 1058 829 modo

307 879 341 924 se
363 863 548 924 immiscere
570 869 724 938 poterunt
746 861 898 938 regimini
919 877 976 922 seu
1008 859 1059 922 ad-

309 956 536 1018 ministrationi
559 955 779 1026 ecclesiarum
803 955 840 1016 ad
869 971 945 1031 quas
978 956 1059 1016 desi-

309 1051 394 1126 gnati
424 1049 557 1119 luerint,
590 1056 686 1126 prout
716 1067 732 1110 a
763 1049 857 1110 saeris
885 1048 1059 1110 canonibus

308 1144 465 1204 sancitum
487 1149 551 1216 est3
574 1141 777 1219 Reipublicae
799 1149 907 1204 autem
929 1141 1059 1203 Praeses

308 1253 373 1297 non
395 1235 480 1297 ultra
502 1251 623 1298 annum
639 1253 655 1296 a
670 1235 842 1297 vacationis
859 1235 909 1298 die
925 1235 1059 1297 idoneos

309 1329 406 1390 bosee
427 1329 518 1390 uiros
540 1335 710 1407 proponet.

348 1425 367 1498 5
387 1421 418 1484 8.
442 1422 559 1484 Eadem
581 1421 620 1484 de
637 1437 727 1484 causa
744 1420 897 1483 Summus
913 1420 1060 1484 Pontifex

312 1514 451 1577 Praesidi
477 1514 639 1576 indultum
656 1515 804 1577 concedit
825 1515 1011 1576 nominandi
1027 1515 1060 1577 in

309 1610 454 1688 quolibet
468 1609 615 1687 Capitulo
630 1609 667 1670 ad
684 1625 739 1670 sex
758 1609 953 1687 praebendas
969 1610 1060 1672 dum-

309 1712 403 1777 taxat,
427 1705 495 1766 sive
519 1703 691 1780 dignitates
713 1704 787 1774 sint,
811 1703 880 1764 sive
898 1705 1060 1766 canonica-

309 1807 371 1870 tus,
405 1806 459 1860 ant
493 1797 654 1875 simplices
688 1797 898 1874 praebendae,
929 1806 1060 1876 excepta

309 1893 411 1971 prima
433 1893 600 1969 dignitate,
624 1906 705 1969 quae
728 1889 860 1954 Sanctae
882 1889 972 1953 Sedis
998 1893 1061 1955 col-

309 1987 419 2048 lationi
441 1993 605 2048 reservata
625 1985 700 2056 erit,
718 1991 750 2046 et
771 1999 866 2060 quam
883 1986 951 2063 ipse
969 1985 1061 2048 Sum-

309 2097 381 2142 mus
403 2080 551 2143 Pontifex
573 2081 697 2142 clerum
718 2079 984 2156 guatimalensem
1005 2097 1060 2144 sua

310 2174 508 2251 benignitate
531 2173 681 2252 prosequi
704 2171 816 2234 volens
833 2173 888 2234 uni
906 2189 945 2235 ex
962 2175 1060 2236 eccle·

309 2265 441 2329 siasticis
464 2267 609 2330 eiusdem
632 2267 710 2328 cleri
732 2267 803 2328 viro
819 2266 974 2338 conteret,
988 2284 1060 2330 nce·

310 2371 384 2425 non‘
407 2361 548 2438 exceptis
571 2360 761 2439 praebendis
790 2361 961 2433 doctorali,
986 2377 1061 2440 poe·

309 2455 491 2518 nitentiaria
522 2473 556 2518 ac
583 2455 769 2531 magistrati.
795 2470 873 2532 quas
899 2456 1058 2534 Episcopi,

310 2549 440 2628 praevio
463 2549 688 2627 experimento
716 2549 785 2609 sive
813 2565 972 2610 concursu
998 2551 1060 2611 rite

312 2643 431 2712 babito,
454 2643 492 2704 iis
515 2641 694 2714 conterent,
719 2657 799 2719 quos
828 2642 992 2718 digniores
1014 2645 1060 2705 iu-

263 2749 265 2752 ·
311 2737 498 2798 dicaverint.
522 2735 726 2814 Reipublicae
750 2751 887 2813 praeses,
913 2736 962 2796 bis
978 2752 1060 2798 sem·

310 2845 367 2908 per
389 2829 541 2908 exceptis,
566 2829 601 2890 ad
625 2845 682 2891 sex
704 2828 773 2890 illas
795 2829 989 2906 praebendas
1005 2845 1060 2891 no-

310 2923 461 2996 minabit,
492 2939 573 3000 quae
600 2925 741 3001 primum
771 2929 938 2984 vacaturae
967 2931 1058 2994 sunt,

310 3029 457 3094 quaeque
479 3018 514 3080 ad
538 3017 637 3094 ipsius
666 3015 918 3078 nominationem
949 3031 1060 3096 perpe·

311 3118 366 3172 tuo
387 3111 613 3188 pertinebunt3
637 3109 781 3186 reliquae
810 3117 929 3181 autem,
957 3112 1060 3173 cuius-

309 3220 449 3281 cumque
471 3205 601 3267 tandem
630 3203 736 3265 classis
767 3213 799 3265 et
827 3205 955 3265 numeri
984 3205 1057 3278 sint,

309 3299 361 3361 vel
383 3298 502 3360 tuturis
531 3298 731 3377 temporibus
755 3297 905 3369 existent,
929 3298 967 3358 ab
989 3299 1060 3378 Epi-

308 3394 412 3471 scopis
434 3393 654 3455 conterentur.
679 3391 711 3453 ld
735 3399 927 3454 tamennon
960 3393 1059 3472 impe·

309 3487 355 3548 dit
376 3488 550 3564 quominus
572 3486 650 3548 aliae
682 3485 882 3564 praebendae
913 3487 946 3548 in
971 3487 1059 3566 Capi-

309 3582 386 3645 tulis
407 3582 531 3660 possint
552 3581 688 3652 institui,
713 3595 793 3658 quae
816 3597 874 3659 per
896 3581 1057 3660 publicum

309 3677 570 3754 experimentum
597 3691 654 3736 seu
687 3691 880 3737 concursum
914 3675 1059 3738 obtinen-

308 3771 365 3831 dae
388 3770 463 3842 sint,
488 3784 569 3846 quae
586 3769 688 3830 semel
703 3769 744 3830 ita
759 3769 952 3831 constitutae
969 3770 1059 3832 nullo

311 3866 407 3925 modo
430 3863 462 3924 in
485 3871 651 3942 posterum
674 3861 790 3922 variari
813 3870 976 3940 poterunt.

348 3959 367 4031 5
388 3955 417 4017 9.
433 3956 599 4018 Paroeciae
617 3971 728 4018 omnes
746 3957 832 4018 iuxta
844 3955 977 4019 Consilii
993 3958 1059 4020 Tri-

309 4050 432 4112 dentini
455 4051 687 4129 praescriptum
703 4048 912 4112 conterentur
929 4068 987 4129 per
1005 4069 1059 4130 pu-

310 4143 428 4206 blicum
466 4144 726 4222 experimentum
763 4161 820 4205 seu
852 4160 1057 4216 concursum,

310 4251 374 4313 quo
396 4237 553 4309 absoluto,
578 4237 723 4314 Episcopi
743 4247 807 4300 tres
824 4254 863 4298 ex
879 4237 1059 4316 approbatis

310 4330 513 4408 Reipublicae
540 4331 678 4393 Praesidi
707 4333 973 4408 praesentabunt,
1005 4333 1059 4409 qui

310 4441 410 4486 unum
435 4441 474 4489 ex
497 4425 535 4486 iis
557 4425 672 4502 seliget
695 4427 806 4488 eodem
832 4425 926 4504 plane
950 4427 1057 4498 modo,

310 4520 365 4596 qui
387 4520 492 4581 adbuc
512 4519 545 4580 in
568 4536 660 4582 more
682 4519 752 4582 luit.

350 4615 368 4690 5
391 4611 439 4674 10.
465 4612 575 4675 Sancta
598 4611 696 4675 Sedes
719 4614 850 4693 proprio
871 4620 966 4676 utens
988 4613 1060 4675 iure

312 4721 411 4768 novas
433 4707 597 4769 dioeceses
619 4707 734 4785 eriget,
758 4724 791 4769 ac
814 4722 912 4768 nouas
934 4723 1059 4769 earum-

311 4800 384 4862 dem
415 4808 548 4878 peraget
576 4801 904 4878 circumscriptiones,
929 4816 1002 4861 cum
1028 4801 1058 4861 id

311 4893 454 4956 bdelium
476 4895 649 4956 necessitas
670 4901 724 4956 aut
745 4893 864 4956 utilitas
882 4893 1059 4971 postulave-

311 4989 362 5050 rit.
387 4986 631 5058 Verumtamen,
655 4988 710 5049 ubi
732 4988 763 5050 id
786 4987 968 5064 contigerit,
985 5003 1058 5048 cum

311 5081 539 5144 Cuntimalensi
563 5081 723 5158 gubernio
746 5081 876 5143 consilia
901 5080 1056 5142 conteret.

311 5175 344 5237 ln
366 5189 557 5252 unaquaque
578 5174 766 5236 earumdem
796 5175 991 5236 dioecesium
1014 5175 1058 5234 in-

311 5269 485 5331 stituentur
513 5270 740 5332 canonicorum
769 5269 944 5346 capitulum
974 5273 1006 5331 et
1028 5283 1059 5328 e-

311 5363 469 5442 piscopale
505 5363 714 5424 seminarium
750 5363 987 5425 accommodate
1022 5364 1058 5424 ad

311 5457 388 5520 cleri
424 5457 604 5520 dioecesani
630 5472 827 5528 numerum
852 5465 882 5519 et
918 5457 1057 5536 ipsarum

312 5550 507 5614 dioecesium
529 5551 733 5629 indigentias.
767 5549 828 5612 Pro
854 5551 928 5613 dote
956 5551 1060 5613 cuius-

312 5659 374 5722 que
396 5645 491 5718 sedis
508 5636 638 5724 capituli
660 5652 692 5707 et
709 5645 884 5716 seminarii,
903 5659 984 5722 quae
1000 5645 1060 5706 eri-

312 5740 413 5815 genda
446 5746 554 5811 erunt,
578 5755 614 5801 ea
647 5753 759 5801 norma
790 5740 853 5800 erit
883 5740 1057 5816 sequenda,

312 5847 392 5910 quae
414 5849 473 5910 pro
495 5833 564 5896 aliis
587 5835 649 5896 iam
681 5833 894 5895 existentibus
923 5840 972 5896 est
1001 5840 1060 5896 sta-

314 5932 391 6000 tuta,
415 5927 536 5990 collatis
559 5927 643 5989 inter
666 5927 875 6006 Apostolicanr
898 5925 1013 5988 Sedem
1029 5935 1062 5990 et

1786 495 1844 604 stt

1114 673 1314 736 Gubernium
1331 676 1482 748 consiliis,
1497 691 1560 753 quo
1573 673 1730 739 eiusmodi
1743 679 1799 738 dos
1811 679 1865 740 de-

1116 784 1189 830 cora
1211 787 1244 830 ac
1268 770 1360 847 plane
1382 769 1482 832 libera
1503 787 1560 832 seu
1578 771 1796 848 independens
1812 771 1863 832 sit.

1156 864 1246 939 5ll.
1274 863 1353 926 ltem
1385 865 1417 926 in
1450 864 1587 942 singulis
1619 863 1818 926 dioecesibus
1850 884 1865 926 a

1117 957 1247 1036 proprio
1270 956 1439 1020 Ordinario
1456 971 1557 1020 novae
1573 959 1741 1035 erigentur
1758 973 1867 1036 paroe-
1896 998 1900 1002 -

1116 1050 1193 1122 ciac,
1217 1066 1288 1112 cum
1313 1051 1342 1112 id
1367 1051 1512 1114 bdelium
1535 1051 1706 1114 necessitas
1729 1059 1760 1113 et
1782 1053 1866 1114 utili-

1117 1152 1162 1206 tas
1184 1144 1339 1221 requirat,
1364 1151 1458 1221 atque
1480 1147 1512 1207 in
1536 1145 1593 1206 1110
1615 1161 1651 1207 re
1673 1147 1866 1225 perficienda

1116 1243 1188 1299 cum
1204 1237 1368 1300 Gubernio
1384 1247 1481 1300 erunt
1498 1240 1636 1302 ineunda
1652 1239 1793 1311 consilia,
1810 1241 1867 1302 ubi

1116 1339 1148 1394 et
1169 1339 1326 1408 quatenus
1347 1333 1490 1395 civilium
1513 1349 1624 1394 rerum
1648 1334 1787 1396 rationes
1802 1335 1865 1396 sint

1116 1425 1342 1488 conciliandae.

1157 1521 1174 1595 5
1198 1520 1247 1582 12.
1272 1520 1305 1581 ln
1326 1519 1554 1582 Cuatimalensi
1577 1520 1716 1584 dioecesi
1731 1522 1866 1584 semina-

1116 1613 1201 1675 rium
1226 1613 1494 1692 archiepiscopale
1516 1615 1579 1677 erit
1594 1617 1866 1690 conservandum

1118 1707 1200 1770 iniis
1217 1713 1322 1769 autem
1340 1708 1552 1780 dioecesibus,
1570 1723 1651 1785 quae
1666 1708 1776 1771 luturo
1789 1716 1867 1772 tem-

1119 1817 1197 1878 pore
1209 1803 1456 1873 constituentur,
1468 1802 1553 1864 nulla
1567 1803 1754 1880 interposita
1766 1819 1865 1874 mora,

1117 1896 1865 1975 cumpraedictapariterdoteerunterigenda.

1118 1990 1151 2052 ln
1174 1991 1344 2053 seminaria
1372 1998 1479 2052 autem
1507 1990 1729 2062 admittentur,
1760 1991 1867 2068 ibique

1117 2085 1153 2145 ad
1176 2099 1322 2146 normam
1346 2083 1452 2147 Sancti
1473 2083 1606 2146 Consilii
1629 2083 1806 2146 Tridentini
1823 2086 1867 2146 in·

1117 2178 1304 2249 stituentur,
1328 2179 1348 2239 ii
1377 2177 1608 2248 adolescentes,
1632 2193 1713 2255 quos
1738 2177 1868 2240 Archia·

1118 2273 1264 2350 piscopos
1286 2281 1317 2333 et
1333 2272 1479 2350 Episcopi
1495 2288 1533 2334 ex
1551 2273 1698 2350 propriae
1714 2272 1867 2334 dioecesis

1117 2365 1306 2426 necessitate
1329 2365 1380 2427 vel
1404 2365 1540 2427 utilitate
1563 2365 1768 2442 excipiendos
1796 2381 1867 2426 esse

1116 2458 1339 2521 iudicaverint.
1365 2458 1407 2519 Ea
1431 2459 1549 2530 omnia,
1573 2473 1654 2534 quae
1677 2458 1714 2521 ad
1739 2474 1868 2520 eorum-

1116 2553 1189 2614 dem
1220 2553 1467 2615 seminariorum
1499 2554 1666 2630 regimen,
1697 2553 1868 2614 ordinatio-

1117 2661 1203 2717 nem,
1228 2647 1417 2718 doctrinam,
1437 2645 1706 2722 gubernationem
1723 2651 1756 2708 et
1771 2646 1868 2708 adrni-

1117 2739 1337 2800 nistrationem
1364 2742 1569 2816 pertinente
1592 2739 1781 2801 dioecesano
1808 2740 1867 2801 1111-

1117 2832 1216 2893 tistite
1238 2833 1331 2894 unice
1362 2833 1505 2910 pendere
1538 2832 1667 2904 debent,
1691 2834 1745 2909 qui
1777 2849 1866 2896 suam

1117 2925 1250 2988 liberam
1284 2927 1478 3004 plenamque
1506 2927 1727 2989 anctoritatem
1759 2937 1791 2990 et
1819 2929 1867 2988 ius

1117 3022 1149 3081 in
1172 3037 1208 3083 ea
1231 3021 1406 3084 exercebit.
1431 3021 1583 3083 Rectores
1605 3035 1734 3098 quoque
1749 3029 1781 3082 et
1796 3036 1868 3098 pro-

1115 3113 1255 3176 fessores
1272 3115 1520 3176 seminariorum
1538 3115 1575 3175 ab
1591 3114 1747 3192 Episcopo
1764 3114 1866 3177 libere

1117 3209 1383 3279 nominabuntur,
1408 3214 1449 3280 et,
1469 3211 1736 3285 quotiescumque
1759 3225 1867 3270 neces-

1117 3305 1236 3366 sarium
1259 3303 1312 3364 vel
1333 3302 1414 3364 utile
1436 3302 1473 3362 ab
1496 3302 1564 3379 ipso
1591 3301 1794 3374 iudicabitur,
1819 3318 1868 3363 re·

1117 3397 1346 3460 movebuntur.

1155 3491 1174 3564 5
1197 3489 1244 3550 13.
1269 3486 1351 3550 Sede
1372 3494 1514 3558 vacante,
1534 3487 1798 3566 metropolitanae
1813 3488 1865 3550 vel

1116 3583 1335 3658 suffraganeae
1373 3579 1526 3643 ecclesiae
1564 3579 1745 3658 Capitulum
1784 3583 1866 3642 intra

1118 3684 1242 3754 tempus
1256 3675 1460 3753 praefinitum
1477 3676 1560 3736 etad
1576 3691 1724 3738 normam
1739 3691 1864 3748 eorum,

1117 3784 1197 3847 quae
1220 3785 1235 3830 a
1258 3767 1353 3832 Sacro
1373 3767 1516 3831 Concilio
1539 3768 1727 3831 Tridentino
1749 3769 1781 3830 in
1797 3785 1865 3832 rem

1116 3865 1243 3926 decreta
1262 3869 1348 3932 sunt,
1363 3861 1524 3930 Vicarium
1541 3863 1748 3940 capitularem
1765 3863 1867 3925 libere

1116 3957 1225 4033 eliget,
1251 3957 1328 4032 quin
1351 3955 1542 4018 electionem
1565 3957 1665 4018 semel
1688 3957 1800 4018 lactem
1818 3973 1867 4019 re-

1116 4065 1231 4111 vocare
1253 4049 1305 4110 vel
1329 4051 1365 4110 ad
1396 4065 1511 4111 novam
1542 4051 1718 4128 procedere
1747 4051 1863 4129 possit,

1116 4133 1259 4220 qualibet
1289 4143 1523 4205 consuetudine
1545 4141 1584 4204 de
1617 4143 1725 4206 medio
1745 4144 1868 4206 sublata

1116 4253 1149 4298 ac
1172 4236 1299 4313 penitus
1321 4235 1447 4305 abolita,
1472 4252 1553 4313 quae
1575 4237 1608 4298 in
1631 4236 1688 4300 bac
1709 4253 1745 4299 re
1764 4253 1867 4299 sacro·

1116 4345 1189 4390 rum
1202 4345 1359 4391 canonum
1376 4330 1594 4392 sanctionibus
1610 4331 1725 4406 quovis
1736 4331 1867 4392 nomine

1116 4423 1315 4486 adversetur.

1156 4517 1174 4592 5
1198 4515 1244 4578 11.
1268 4515 1388 4580 Causae
1403 4533 1516 4579 omnes
1533 4518 1641 4590 iidem,
1658 4512 1864 4592 sacramenta,

1116 4625 1219 4672 sacras
1241 4610 1434 4683 functiones,
1465 4611 1590 4689 aliaque
1619 4611 1719 4675 officia
1741 4621 1774 4674 et
1798 4614 1868 4675 iura

1116 4721 1205 4768 sacro
1234 4705 1414 4768 ministerio
1443 4705 1564 4768 adnexa
1591 4707 1812 4785 respicientes,
1836 4715 1869 4769 et

1117 4799 1296 4876 generatim
1313 4815 1424 4861 causae
1441 4815 1554 4861 omnes
1570 4799 1799 4862 ecclesiasticae
1815 4817 1867 4862 na·

1118 4901 1218 4964 turae,
1246 4893 1282 4954 ad
1311 4893 1543 4956 ecclesiasticae
1564 4895 1759 4956 auctoritatis
1789 4893 1868 4957 iudi-

1117 4989 1202 5050 cium
1226 4988 1320 5050 unice
1343 4989 1519 5066 pertinent,
1535 4989 1625 5052 iuxta
1640 5005 1805 5052 sacrorum
1821 5007 1868 5052 ca·

1117 5097 1239 5144 nonum
1270 5097 1427 5144 normam.

1156 5177 1175 5250 5
1201 5176 1247 5237 15.
1271 5175 1468 5254 'lemporunt
1492 5177 1615 5238 ratione
1648 5175 1763 5248 babita,
1793 5175 1868 5238 San·

1117 5269 1206 5330 ctitas
1228 5268 1291 5332 Sua
1313 5270 1483 5342 consentit,
1501 5277 1537 5332 ut
1552 5285 1663 5332 causae
1679 5268 1789 5332 civiles
1805 5268 1867 5330 cle-

1116 5363 1257 5424 ricorum
1281 5363 1316 5424 ad
1340 5361 1435 5425 laicos
1450 5363 1572 5424 iudices
1588 5361 1785 5433 deierantur,
1799 5363 1867 5422 sive

1117 5457 1302 5535 personales
1325 5456 1389 5517 sint
1410 5457 1478 5517 sive
1501 5455 1614 5528 reales,
1638 5469 1719 5533 quae
1748 5454 1869 5517 scilicet

1118 5551 1334 5628 possessiones
1351 5557 1446 5626 atque
1461 5549 1519 5611 alia
1536 5547 1722 5628 temporalia
1737 5549 1867 5610 elerico-

1118 5660 1202 5717 rum,
1227 5644 1447 5715 ecclesiarum,
1465 5643 1694 5706 beneficiorum
1720 5641 1867 5705 aliarum-

1118 5753 1181 5814 que
1218 5737 1504 5800 ecclesiasticarum
1540 5736 1763 5798 fundationum
1799 5737 1868 5798 inra

1118 5831 1300 5911 respiciant.
1332 5829 1363 5893 Si
1386 5845 1464 5892 vero
1493 5831 1687 5908 contigerit,
1718 5838 1753 5893 ut
1783 5830 1867 5892 inter

1118 5925 1349 5988 ecclesiasticos
1380 5925 1468 5988 viros
1500 5925 1678 5988 habeantur
1709 5924 1867 6002 quaestio-
