4884 6994
566 545 626 612 360

549 685 623 746 bros
644 698 701 744 seu
725 685 832 744 textus
847 679 1027 758 designabit
1041 681 1096 758 qui
1112 681 1145 742 in
1161 678 1297 742 Univer-

548 776 692 840 sitatibus
715 775 779 852 legi
812 775 959 846 debeant,
983 773 1019 835 ad
1042 771 1209 850 religionis
1232 789 1298 834 mo·

546 884 687 948 rumque
701 867 849 930 scientias
866 867 1047 940 tradendae
1060 876 1167 945 atque,
1179 875 1215 930 ut
1229 867 1298 929 uni-

547 963 660 1026 lormis
675 963 717 1024 sit
731 962 846 1044 harum
869 961 1110 1039 disciplinarum
1125 961 1296 1032 institutio,

546 1058 633 1120 idem
649 1056 927 1134 hrchicpiscopus,
944 1055 1065 1117 collatis
1081 1071 1153 1117 cunr
1169 1054 1238 1117 aliis
1254 1054 1298 1116 lo·

547 1167 658 1213 corum
680 1147 854 1213 Ordinariis
876 1147 1028 1220 consiliis,
1053 1149 1152 1211 libros
1177 1147 1299 1225 deliget

546 1245 601 1321 qui
634 1259 692 1323 pro
724 1249 814 1318 textu
845 1242 909 1304 sint
939 1243 971 1304 in
1000 1241 1133 1320 reliquis
1163 1241 1298 1321 publicis

546 1337 729 1400 Athenaeis.
752 1335 951 1398 tlubernium
975 1335 1099 1399 cavebit
1120 1351 1161 1397 ne
1185 1335 1217 1397 in
1240 1335 1298 1396 hu·

546 1431 744 1493 manioribus
770 1429 887 1492 litteris
912 1435 967 1491 aut
987 1429 1146 1500 scientiis,
1171 1436 1203 1492 ot
1228 1429 1298 1490 uni-

546 1525 665 1588 versim
694 1526 726 1586 in
756 1525 903 1586 omnium
936 1538 1095 1601 generum
1121 1523 1297 1602 disciplinis

547 1619 719 1688 tradendis,
743 1617 854 1696 placita
877 1617 1074 1694 evulgentur
1096 1632 1177 1695 quae
1192 1617 1298 1680 catho-

544 1713 612 1776 licis
643 1712 847 1790 dogmatibus
880 1719 912 1774 et
942 1711 1145 1774 reverentiae
1178 1728 1212 1774 ac
1244 1727 1299 1774 ve·

544 1807 701 1869 nerationi
734 1821 810 1884 erga
843 1805 1016 1868 Ecclesiam
1039 1805 1164 1870 debitae
1186 1807 1297 1869 adver-

544 1909 668 1964 santur.

585 1993 653 2056 llrt.
679 1992 758 2056 xlv.
782 1992 871 2066 Quod
894 1994 920 2054 si
942 1994 1107 2071 contingat
1129 1995 1298 2071 magistros

543 2094 597 2150 aut
619 2087 755 2150 lectores
771 2087 923 2150 scientiae
942 2087 1110 2164 religionis
1127 2103 1298 2149 morumve

543 2189 651 2243 contra
667 2179 822 2244 Gubernii
844 2180 945 2242 edicta
967 2191 1000 2242 et
1016 2182 1294 2259 praescriptiones,

543 2274 715 2336 catholicae
727 2274 891 2336 doctrinae
904 2273 987 2335 haud
1003 2281 1228 2344 consentanea,
1242 2275 1294 2336 do-

544 2383 629 2438 cere,
655 2367 772 2445 poterit
800 2365 860 2428 loci
883 2363 1070 2428 ordinarius
1095 2365 1219 2428 eisdem
1244 2369 1296 2430 do·

541 2461 635 2525 cecidi
659 2466 849 2538 potestatem
872 2460 1025 2522 adimere.

583 2555 652 2617 hrt.
671 2551 737 2615 llll.
762 2551 811 2614 lus
826 2552 1091 2631 Archiepiscopos
1115 2561 1147 2616 et
1168 2555 1296 2632 Episco-

542 2649 658 2726 posin
691 2647 875 2711 vacantibus
907 2646 1049 2710 ecclesiis
1081 2647 1296 2711 constituendi

542 2753 590 2805 est
612 2741 743 2804 Sanctae
766 2739 839 2802 Sodi
864 2742 1029 2820 proprium
1063 2749 1094 2804 et
1122 2743 1294 2820 peculiare.

543 2835 758 2898 Nihilominus
774 2832 930 2898 Sanctitas
946 2833 1007 2897 Sua
1023 2835 1055 2897 in
1072 2835 1218 2914 specialis
1242 2836 1295 2898 ob-

541 2929 721 2992 servantiae
749 2935 998 3006 argumentum,
1023 2935 1118 3005 atque
1144 2937 1180 2990 ut
1211 2930 1296 2992 inter

541 3025 716 3090 Ecclesiam
740 3031 772 3086 et
793 3023 921 3085 civilem
945 3031 1063 3086 statum
1087 3040 1145 3102 par
1169 3031 1201 3085 et
1223 3040 1296 3086 con·

542 3121 648 3182 cordia
661 3125 821 3190 servetur,
835 3118 958 3188 annuit,
974 3125 1019 3188 ut,
1032 3117 1194 3195 explorata
1207 3117 1296 3195 prius

542 3213 697 3275 Praesidis
719 3211 923 3290 Reipublicae
952 3211 1111 3274 sententia
1138 3227 1216 3272 num
1240 3211 1296 3273 eli·

543 3305 645 3383 genda
672 3320 808 3383 persona
837 3303 896 3380 ipsi
927 3310 1052 3381 accepta
1073 3305 1128 3376 sit,
1153 3304 1295 3382 provisio

541 3398 666 3461 sedium
706 3397 935 3476 episcopalium
975 3403 1008 3458 et
1045 3394 1295 3474 archiepiscopa-

541 3491 620 3554 lium
644 3499 826 3570 peragatur.
853 3490 1063 3568 Quapropter,
1088 3505 1161 3551 cum
1183 3490 1293 3553 sedem

540 3585 678 3663 aliquam
701 3599 813 3647 vacare
835 3583 1018 3662 contigerit,
1039 3583 1158 3660 poterit
1179 3583 1294 3661 Reipu-

542 3679 641 3742 blicae
663 3679 793 3742 Praeses
815 3676 947 3740 Sanctae
970 3674 1042 3739 Sedi
1065 3675 1294 3739 ecclesiasticos

541 3773 614 3836 illos
636 3772 724 3834 viros
752 3771 873 3834 directe
905 3772 1153 3842 commendare,
1177 3771 1233 3848 qui
1258 3771 1294 3833 iis

542 3865 693 3928 omnibus
721 3865 849 3928 dotibus
879 3864 1002 3942 pollere
1027 3865 1086 3942 ipsi
1110 3863 1292 3936 videantur,

541 3976 622 4038 quae
649 3959 685 4022 ad
716 3958 894 4037 episcopale
931 3975 1049 4021 munus
1082 3959 1144 4021 rite
1173 3959 1295 4020 obeun-

540 4054 617 4116 dum
641 4054 898 4133 expostulantur.
926 4050 1073 4115 Vicissim
1099 4051 1211 4115 Sancta
1240 4051 1294 4116 Se·

542 4147 608 4220 des,
627 4149 812 4226 priusquam
835 4147 1028 4225 Episcopum
1052 4161 1147 4224 quem
1173 4163 1295 4210 nuncu-

542 4249 605 4321 pet,
636 4243 766 4304 nomina
798 4242 1039 4304 candidatorum
1069 4257 1149 4320 quos
1180 4257 1293 4319 prove-

542 4335 620 4399 here
635 4337 742 4399 animo
757 4337 887 4414 cogitet,
904 4351 1034 4414 semper
1049 4335 1189 4400 Praesidi
1206 4352 1294 4414 prae·

541 4431 732 4508 significabit
762 4446 837 4493 eum
867 4431 899 4492 in
933 4431 1031 4492 tinem
1065 4437 1100 4492 ut
1132 4431 1296 4507 dignoscat

541 4541 620 4586 num
642 4525 668 4586 is
689 4525 792 4588 civilis
812 4532 868 4586 aut
896 4523 1015 4601 politici
1042 4523 1164 4586 ordinis
1185 4541 1294 4586 causas

542 4618 655 4680 habeat
686 4634 742 4679 cur
773 4617 1015 4680 candidatorum
1048 4633 1202 4695 personae
1231 4619 1295 4680 sint

541 4713 600 4791 ipsi
617 4712 723 4774 minus
739 4720 857 4787 gratae.
874 4709 1048 4772 durabitur
1063 4717 1098 4774 ut
1114 4713 1292 4773 vacantium

541 4807 666 4870 sedium
691 4807 831 4884 provisio
853 4805 1042 4883 quantocius
1064 4805 1128 4876 liat,
1152 4805 1293 4882 quaeul-

541 4911 588 4963 tra
619 4917 675 4962 serr
707 4901 868 4962 mensium
901 4899 1039 4978 spatium
1070 4900 1294 4976 procrastinari

542 4995 699 5074 nequibit.

581 5089 651 5152 hrt.
668 5087 749 5152 xvi.
774 5087 885 5150 Sancta
901 5087 1000 5150 Sedes
1016 5101 1114 5149 novas
1131 5087 1295 5150 dioeceses

541 5183 660 5260 eriget,
684 5199 718 5246 ac
740 5197 838 5244 novas
861 5181 1049 5244 earumdem
1083 5189 1215 5259 peraget
1235 5183 1294 5243 cir-

541 5277 819 5355 cumscriptiones,
843 5289 915 5338 cum
938 5275 969 5337 id
993 5274 1136 5338 fidelium
1160 5275 1295 5336 necessi-

543 5378 588 5432 tas
610 5376 664 5432 aut
685 5370 805 5433 utilitas
827 5369 1054 5448 postulaverim
1078 5383 1149 5430 cnm
1173 5367 1295 5430 Guber-

542 5463 596 5526 nio
620 5469 725 5526 tamen
747 5463 876 5526 consilia
901 5461 1058 5534 conteret,
1082 5461 1295 5539 eiusdemque

542 5573 658 5635 aequas
680 5558 793 5636 reique
814 5563 1031 5635 congruentes
1045 5555 1295 5620 animadversio-

542 5667 599 5715 nes
621 5661 762 5730 acceptas
786 5659 955 5729 gratesque
978 5651 1117 5715 habebit.

581 5745 651 5808 hrt.
676 5745 769 5809 xvii.
797 5745 838 5808 llt
859 5746 1102 5808 matrimonium
1125 5759 1240 5808 eorum
1265 5761 1296 5806 o·

543 5839 668 5901 mnium
692 5840 747 5916 qui
769 5839 955 5903 catholicam
978 5837 1171 5916 religionem
1201 5837 1297 5916 profl-

549 5939 669 6004 tentur,
691 5931 823 5996 edoctus
844 5931 954 5994 civiles
976 5933 1079 6009 quoad
1108 5931 1296 5994 contraben-

1074 557 1266 610 honorares
1287 557 1345 607 SEU
1367 559 1581 613 concomitare

1355 678 1435 740 tium
1459 681 1622 760 prolisque
1652 698 1806 760 personas
1833 693 1866 748 et
1887 684 1969 748 bona
2001 687 2107 766 progi-

1356 783 1441 851 gnat,
1465 777 1553 838 iuxta
1576 776 1712 841 lormam
1728 799 1743 842 a
1760 779 1903 843 Concilio
1921 781 2108 845 Tridentino

1356 871 1581 946 praescriptam
1604 881 1803 936 contractum
1835 889 1905 936 esse
1937 875 2106 952 oportebit.

1355 959 1570 1024 celebrationi
1593 964 1734 1028 officialis
1755 984 1771 1028 a
1794 966 1868 1044 lege
1898 974 2035 1029 statutus
2056 968 2109 1029 ad-

1354 1055 1417 1117 erit
1431 1073 1506 1118 eum
1530 1060 1752 1123 tantummodo
1774 1061 1805 1122 in
1823 1062 1921 1124 tinem
1944 1069 1980 1122 ut
2002 1062 2109 1123 matri·

1355 1149 1499 1212 monium
1524 1151 1659 1229 publicis
1682 1153 1797 1216 tabulis
1818 1157 1972 1217 continuo
1998 1155 2109 1218 inscri-

1355 1240 1421 1316 bat;
1448 1245 1608 1323 excipitur
1630 1254 1737 1310 tamen
1759 1263 1850 1309 casus
1882 1247 2108 1311 celebrationis

1354 1337 1552 1400 matrimonii
1567 1339 1599 1399 in
1623 1340 1736 1402 mortis
1757 1340 1904 1414 articulo,
1923 1350 1991 1404 tum
2008 1341 2106 1414 enim,

1354 1429 1380 1490 si
1403 1431 1486 1494 haud
1520 1431 1611 1494 iacile
1643 1433 1771 1512 impleri
1801 1442 1897 1512 queat
1922 1436 2108 1499 huiusmodi

1354 1523 1432 1586 iuris
1464 1526 1667 1598 solemnitas,
1699 1528 1911 1604 praetermitti
1944 1538 1976 1593 et
2007 1529 2109 1592 subsi-

1354 1617 1461 1680 diariis
1477 1619 1717 1696 probationibus
1732 1622 1877 1700 suppleri
1895 1623 1961 1700 ipsa
1978 1623 2106 1701 poterit.

1353 1709 1622 1774 Contrahentium
1645 1730 1720 1776 cura
1739 1715 1801 1777 erit
1816 1716 1988 1793 providere
2009 1723 2046 1778 ut
2066 1715 2109 1778 ci·

1354 1804 1427 1867 vilis
1457 1811 1557 1867 status
1589 1807 1730 1869 officialis
1760 1807 1968 1872 celebrationi
2001 1809 2109 1872 matri-

1356 1899 1454 1960 monii
1471 1915 1622 1977 praesens
1637 1901 1728 1974 adsit,
1743 1901 1871 1979 parochi
1887 1909 1995 1966 autem
2011 1917 2108 1981 opera

1355 1991 1439 2054 inid
1464 1999 1585 2055 tantum
1614 1994 1901 2068 circumscribitur,
1927 2001 1964 2058 ut
1983 2004 2108 2060 contra·

1356 2085 1505 2149 hentibus
1528 2087 1776 2164 obligationem,
1801 2103 1897 2166 quam
1923 2089 2026 2152 civilis
2054 2089 2108 2151 lex

1354 2178 1430 2256 ipsis
1452 2180 1600 2258 imponit,
1625 2189 1808 2259 opportune
1830 2183 1931 2260 palam
1955 2183 2055 2246 iaciat.

1394 2274 1462 2336 hrt.
1493 2271 1600 2336 livill.
1630 2274 1719 2349 Quod
1758 2276 1960 2338 matrimonia
1993 2277 2109 2341 attinet

1354 2381 1434 2444 quae
1464 2367 1501 2430 ad
1524 2367 1660 2429 iormam
1695 2368 1727 2430 in
1748 2367 1892 2432 Concilio
1918 2369 2108 2433 Tridentino

1354 2461 1582 2539 praescriptam
1615 2461 1730 2539 quovis
1766 2470 1913 2541 ternpore
1948 2463 2107 2528 celebrata

1353 2554 1489 2626 luerint,
1518 2569 1665 2632 quaeque
1697 2557 1830 2620 aflectus
1858 2558 1969 2619 civiles
1996 2559 2106 2621 sortiri

1353 2649 1489 2722 debent,
1514 2649 1721 2713 subsidiariae
1752 2649 1956 2728 probationes
1982 2652 2108 2729 potissi·

1354 2757 1423 2803 mae
1447 2742 1652 2806 habebuntur
1681 2757 1762 2820 quae
1784 2743 1822 2805 ab
1846 2745 2034 2806 auctoritate
2056 2761 2107 2807 ec-

1352 2835 1525 2897 clesiastica
1549 2843 1748 2913 promanant.

1392 2929 1770 2994 maximianorum
1798 2932 2005 2994 ecclesiastica
2033 2948 2106 2994 cau-

1352 3040 1400 3084 sas
1423 3039 1504 3101 quac
1527 3025 1704 3102 respiciunt
1726 3026 1922 3088 matrimonii
1937 3026 2106 3088 vinculum

1352 3125 1385 3180 et
1417 3118 1591 3194 coniugum
1625 3118 1912 3192 cohabitationem,
1939 3129 1974 3182 ut
2008 3119 2107 3182 etiam

1352 3211 1549 3289 sponsalium
1573 3211 1779 3285 validitatem,
1797 3213 1891 3276 unice
1913 3221 2106 3291 cognoscet3

1351 3303 1499 3366 civilibus
1531 3305 1728 3368 matrimonii
1760 3306 1926 3368 effectibus
1958 3307 1994 3367 ad
2024 3306 2106 3368 iudi-

1351 3415 1421 3461 cem
1443 3399 1640 3460 saecularem
1665 3399 1819 3460 remissis.

1391 3491 1460 3555 hrt.
1485 3491 1551 3555 xx.
1575 3493 1743 3554 Exercitus
1770 3492 1973 3571 Reipublicae
1996 3509 2107 3556 exem-

1351 3585 1514 3664 ptionibus
1544 3587 1720 3663 gratiisque
1751 3585 1897 3660 lruetur,
1932 3602 2014 3665 quae
2045 3588 2107 3650 sub

1352 3681 1493 3758 generali
1530 3678 1775 3758 privilegiorum
1807 3682 2019 3743 castrensium
2049 3699 2108 3743 no-

1353 3773 1439 3836 mine
1455 3780 1707 3850 cognoscuntur,
1720 3787 1863 3850 quasque
1876 3773 2031 3836 Sanctitas
2043 3773 2108 3838 Sua

1350 3869 1523 3946 separatim
1545 3867 1784 3931 determinabit.

1392 3963 1459 4024 hrt.
1483 3960 1564 4023 xxi.
1588 3961 1661 4022 Post
1687 3961 1793 4022 divina
1823 3961 1924 4024 officia
1947 3962 1979 4024 in
2004 3961 2108 4024 omni-

1351 4057 1409 4120 bus
1425 4055 1629 4134 Reipublicae
1646 4054 1774 4133 templis
1797 4055 1841 4117 sic
1858 4056 2020 4118 orabitur:
2047 4055 2108 4118 Do-

1350 4150 1446 4220 mine,
1462 4150 1585 4213 sulcam
1606 4147 1661 4229 {aa
1685 4147 1939 4229 [temporaneam
1961 4147 2107 4219 Domine,

1349 4244 1475 4306 colvm
1496 4242 1551 4323 [oc
1572 4241 1755 4305 Procridem
1777 4243 1860 4312 aior,
1884 4247 1914 4304 et
1941 4258 2108 4323 supremos

1350 4337 1418 4399 eiua
1441 4336 1662 4399 auctoritates.

1391 4431 1458 4493 hrt.
1483 4429 1576 4492 xxti.
1601 4429 1804 4508 Reipublicae
1830 4429 2029 4492 Gubernium
2052 4431 2107 4492 de-

1352 4525 1426 4586 hinc
1448 4531 1606 4603 perpetuo
1629 4532 1790 4601 tamquam
1814 4524 1977 4604 publicum
2003 4531 2104 4586 status

1351 4635 1470 4681 nomen
1493 4627 1525 4680 et
1547 4618 1691 4680 debitum
1713 4617 1844 4698 (vulgo:
1874 4617 1975 4681 debito
1997 4635 2106 4680 conro-

1350 4711 1464 4790 lidoto)
1486 4711 1630 4788 agnoscit
1645 4712 1786 4789 pretium
1810 4719 1879 4773 tum
1898 4725 2054 4773 censuum
2071 4711 2104 4772 in

1351 4805 1464 4868 aerarii
1487 4805 1680 4867 beneficium
1700 4805 1956 4882 redemptorum,
1975 4812 2042 4867 tum
2059 4812 2106 4867 et-

1351 4899 1412 4962 iam
1437 4899 1595 4960 bonorum
1620 4897 1854 4976 publicatorum
1876 4898 2006 4978 (vulgo:
2033 4897 2104 4962 beai

1351 4990 1668 5072 discmmortirzott‘),
1685 5006 1767 5070 quae
1789 4991 1865 5054 olim
1882 4993 1918 5053 ad
1945 4991 2103 5063 ecclesias,

1351 5087 1400 5166 pia
1423 5086 1577 5158 sodalitia,
1605 5094 1802 5165 patronatus
1826 5085 1982 5164 cappellas
2004 5095 2037 5150 et
2059 5086 2105 5147 in-

1351 5181 1519 5244 stuctionis
1554 5197 1588 5242 ac
1624 5179 1854 5242 beneticentiae
1890 5181 2034 5242 instituta
2066 5179 2105 5242 ab

1352 5274 1491 5337 Ecclesia
1506 5275 1723 5339 administrata
1739 5274 1954 5353 pertinebant,
1972 5289 2037 5352 quo
2052 5275 2105 5337 de·

1353 5383 1441 5430 mum
1465 5382 1604 5446 cumque
1626 5375 1774 5447 tempore
1803 5369 1908 5446 ipsum
1931 5368 1963 5430 in
1986 5368 2104 5446 publici

1351 5461 1466 5523 aerarii
1489 5461 1674 5523 nominibus
1696 5461 1886 5539 inscriptum
1909 5460 2017 5524 luerit.
2042 5459 2104 5524 ilu-

1352 5553 1492 5616 iusmodi
1515 5559 1681 5616 nominum
1705 5571 1773 5616 sors
1788 5555 1953 5632 recognita
1973 5555 2103 5636 (vulgo:

1352 5645 1452 5713 debito
1467 5646 1696 5726 riccooacioto)
1717 5664 1859 5710 annuum
1883 5647 2010 5721 loonus,
2028 5663 2105 5726 quo·

1352 5741 1401 5802 vis
1423 5757 1523 5804 onere
1545 5741 1701 5815 deducto,
1726 5743 1851 5805 trientis
1874 5759 1947 5805 cum
1973 5743 2105 5806 dimidio

1352 5836 1488 5910 reddet,
1515 5837 1606 5898 cuius
1639 5835 1785 5914 quolibet
1815 5843 1925 5900 exacto
1956 5837 2105 5899 semestri

1353 5929 1420 5992 dias
1443 5931 1543 5993 cedat.
