4836 7002
879 565 1077 612 BENEch'l'US
1098 565 1148 610 PP.
1173 565 1237 612 xlv.

282 689 438 758 tavirnns,
475 686 659 750 instantiam
694 684 878 747 huiusmodi
915 682 1026 744 maiori

281 797 351 844 curn
381 787 552 858 apparatu,
587 777 858 858 quemadmodum
881 775 1027 838 catholici

281 873 364 950 regis
386 873 524 950 dignitas
557 872 753 951 postulabat,
777 870 1027 947 congregationi

280 975 533 1044 repraesentare.
556 967 676 1030 Idcirco
698 965 866 1044 peculiaris
882 965 1027 1026 disserta-

281 1061 323 1122 tio
345 1077 361 1121 a
383 1061 475 1122 nobis
498 1060 682 1125 elucubrata
704 1060 784 1132 fuit,
808 1075 889 1136 quae
912 1059 1027 1120 inserta

280 1161 326 1216 est
347 1157 380 1216 in
403 1161 558 1216 consueto
574 1154 651 1217 lolio
667 1154 832 1216 relationis
847 1168 1026 1222 causarum,

281 1249 364 1326 quod
387 1265 404 1310 a
425 1249 599 1311 secretario
621 1249 733 1312 confici
749 1256 781 1312 et
798 1248 934 1326 singulis
957 1247 1028 1310 car-

281 1342 438 1405 dinaliltus
463 1343 542 1405 tradi
565 1344 745 1406 cousuevit.
760 1343 794 1406 ln
810 1359 871 1422 qua
887 1343 1026 1421 primurn

281 1435 503 1498 dissertatione
518 1453 588 1498 rem
604 1437 704 1515 ipsam
720 1437 956 1500 accuratissime
972 1450 1029 1513 pro

281 1529 404 1591 viribus
426 1531 646 1608 exposuimus,
664 1546 769 1608 neque
785 1531 952 1593 omisimus
969 1531 1030 1592 ori-

282 1624 390 1700 ginem
407 1625 604 1702 inuestigare
619 1624 706 1686 illius
722 1624 916 1703 disciplinae,
934 1637 1027 1701 quarn

182 1733 184 1738 ·
281 1716 421 1778 diximus
444 1717 476 1778 in
499 1717 677 1796 dragoniae
699 1732 801 1794 regno
823 1717 951 1794 vigere3
976 1717 1029 1780 de·

281 1809 356 1872 inde
371 1811 542 1874 nonnullas
558 1812 592 1872 in
607 1811 803 1874 contrarium
819 1811 1029 1874 indicavimus

282 1905 510 1978 resolutiones,
534 1921 616 1983 quae
637 1905 759 1968 aliasad
778 1905 961 1967 huiusmodi
977 1921 1029 1983 po-

281 1999 396 2063 stulata
412 1999 614 2078 prodierant;
638 2007 706 2061 tum
729 1999 821 2060 aliam
839 2002 1029 2061 memoravi-

282 2109 354 2154 mus
380 2093 591 2172 petitionem,
623 2108 704 2170 quae
733 2093 810 2155 oliru
835 2109 891 2170 pro
920 2093 1029 2154 Portu-

281 2186 396 2265 galliae
417 2188 527 2265 regnis
556 2187 634 2250 facta
663 2187 768 2248 fuerat
793 2187 1028 2264 praedecessori

280 2287 393 2343 nostro
415 2281 575 2344 clementi
603 2282 702 2360 Papae
724 2281 789 2354 lll.,
814 2287 849 2343 ut
875 2281 972 2344 trinas
995 2283 1029 2343 11-

280 2381 370 2437 ceret
394 2375 505 2436 missas
526 2376 559 2438 in
582 2375 632 2438 die
660 2375 976 2437 commemorationis
998 2394 1030 2438 o-

282 2469 406 2531 mnium
430 2469 575 2532 fidelium
597 2468 824 2532 defunctorum
847 2469 1027 2539 celebrare,

281 2562 322 2624 de
344 2577 405 2639 qua
435 2569 541 2624 tamen
571 2563 610 2624 ob
641 2562 846 2624 immaturam
869 2562 1029 2623 Pontificis

282 2663 421 2717 mortem
435 2655 516 2717 nihil
527 2657 692 2718 decretum
706 2655 782 2720 luit:
801 2655 917 2732 quibus
929 2655 1029 2717 omni-

281 2749 342 2810 bus
356 2748 538 2811 addidimus
558 2751 654 2827 quod,
679 2765 778 2827 quum
802 2749 863 2810 hoc
884 2747 969 2810 idern
992 2747 1030 2809 alr

280 2842 505 2922 Hispaniarum
526 2843 686 2921 quondam
709 2858 788 2920 rege
810 2842 954 2921 Plrilippo
976 2841 1027 2903 lV.

281 2953 339 3014 pro
362 2937 523 3007 omnihus,
541 2942 604 2998 tam
626 2935 841 2998 saecularibus
863 2950 957 3013 quarn
981 2951 1030 2996 re-

281 3031 459 3108 gularibus,
471 3045 649 3108 regnorum
662 3045 796 3091 suoruru
812 3028 1029 3091 sacerdotibus

282 3124 479 3204 postulatum
512 3123 627 3194 fuerit,
652 3122 703 3184 rel
726 3123 839 3185 saitem
868 3124 1028 3202 postulau-

281 3218 360 3280 dum
396 3217 494 3280 fuisse
530 3234 593 3279 non
630 3217 854 3294 ignoraretur,
892 3217 1029 3294 ideoque

282 3311 374 3388 plura
402 3313 561 3374 rationum
591 3311 792 3374 factorumve
821 3318 1029 3372 monumenta

281 3424 341 3488 pro
373 3405 559 3468 huiusmodi
593 3404 799 3468 concessione
830 3403 1029 3482 impetranda

281 3502 414 3565 collecta
436 3507 505 3563 turn
534 3501 632 3562 fuisse
662 3504 838 3570 constaret,
863 3499 955 3560 nobis
980 3498 1029 3561 da-

283 3603 352 3658 tum
375 3611 441 3658 non
472 3594 576 3657 fuerat
608 3592 791 3654 huiusmodi
823 3591 1029 3656 collectiones

281 3691 318 3752 ad
342 3703 467 3752 causam
490 3688 629 3749 maxime
651 3693 845 3766 opportunas
867 3687 1026 3766 reperire:

282 3793 319 3848 ut
340 3783 452 3846 videre
474 3788 523 3844 est
543 3782 577 3844 in
598 3780 675 3843 folio
697 3796 755 3859 pro
770 3781 1029 3859 congregatione

283 3877 346 3940 diei
368 3893 404 3938 rr.
428 3875 501 3937 maii
523 3875 597 3937 anni
620 3890 821 3936 succuruna
844 3875 936 3937 nobis
957 3891 1030 3937 con-

283 3971 423 4049 scripto,
454 3970 539 4046 quod
562 3985 648 4031 nunc
675 3969 707 4030 in
734 3969 885 4031 thesauro
907 3967 1030 4031 resolu-

283 4064 410 4128 tionum
432 4063 590 4141 praefatae
612 4062 879 4140 congregationis
897 4061 1030 4124 Concilii

288 4157 380 4222 Temo
401 4159 457 4230 ll,
477 4173 552 4238 pop.
581 4157 647 4218 169
676 4162 706 4218 ct
733 4173 812 4236 seqq.
836 4157 1030 4235 impressum

284 4252 457 4332 reperitur.
485 4250 590 4325 Quum
615 4258 723 4312 autem
751 4251 824 4313 bon.
847 4266 946 4311 mem.
971 4249 1031 4311 Lu·

283 4345 415 4407 doricus
435 4343 609 4408 Cardinalis
631 4343 763 4420 Belluga
781 4343 1031 4420 congregationi

284 4435 443 4515 praedicta
465 4435 516 4496 die
539 4434 663 4496 habitae
684 4433 895 4506 interfuisset,
920 4435 1031 4496 memi-

284 4530 392 4591 nimus
414 4529 519 4606 ipsum
542 4527 582 4590 de
612 4535 720 4590 nostra
741 4527 964 4589 dissertatione
990 4527 1032 4590 fa-

284 4623 472 4687 vorabiliter
494 4623 678 4700 loquutum,
694 4622 728 4683 in
743 4629 883 4683 nostram
903 4636 1032 4700 quoque

285 4717 479 4780 sententiam
515 4716 706 4788 devenisse,
744 4721 781 4777 ut
816 4715 1030 4778 necessarium

285 4817 414 4890 putaret
440 4809 649 4887 allegationes
680 4809 749 4872 illas
779 4817 926 4887 tempore
962 4805 1032 4869 Phi-

286 4905 361 4983 lippi
378 4903 429 4966 111.
447 4903 613 4966 adornatas
628 4902 797 4982 inspicere,
812 4903 983 4981 ipsumque
1000 4902 1031 4965 in

286 5015 320 5062 se
335 4999 495 5077 recepisse
516 5005 553 5060 ut
573 4997 655 5076 ipsas
684 4997 930 5075 diligentissime
960 5013 1033 5058 con-

287 5092 371 5170 quiri
386 5097 523 5154 curaret.
540 5090 738 5169 Quapropter
754 5090 945 5168 rescriptum
962 5106 1033 5168 pro-

287 5186 359 5248 diit:
385 5186 457 5249 Non
470 5184 651 5266 proposito:
673 5199 777 5262 eoque
805 5184 960 5264 rescripto
991 5184 1033 5246 fa-

287 5287 373 5344 ctum
395 5285 455 5352 est,
477 5285 513 5342 ut
544 5278 692 5340 instantia
715 5285 790 5340 tunc
816 5277 946 5354 quidem
977 5293 1033 5355 pro

286 5389 396 5436 rerum
406 5372 651 5436 circumstantiis
667 5371 801 5433 minime
816 5370 950 5433 admissa
962 5385 1034 5432 cen-

286 5475 429 5540 seretur,
453 5483 518 5530 non
540 5475 648 5529 tamen
670 5466 803 5528 omnino
823 5471 857 5528 et
878 5471 1034 5544 perpetuo

287 5563 418 5634 reiecta,
443 5561 521 5638 quin
543 5560 647 5640 potius
669 5559 800 5623 relictus
822 5558 920 5621 fuerit
946 5559 1034 5621 locus

287 5653 434 5718 ulteriori
460 5655 619 5717 rationum
648 5659 744 5730 atque
779 5652 935 5716 factorum
964 5668 1035 5714 exa-

288 5749 378 5824 mini,
392 5749 418 5811 si
440 5764 521 5827 quae
543 5749 713 5826 aliquando
735 5747 770 5809 ad
793 5747 893 5825 ipsam
909 5745 1034 5824 petitio-

288 5860 363 5906 nem
386 5843 486 5922 magis
508 5843 680 5905 iuvandam
703 5842 952 5906 deducerentur.

327 5935 469 6012 «Quum
497 5937 606 6014 ltaque
634 5951 719 6000 nunc
741 5936 778 5998 ad
810 5951 868 5997 nos
896 5935 981 6014 ipsos
1002 5935 1035 5997 in

394 6085 452 6126 fur.
469 6086 544 6128 Poatt.
561 6085 592 6126 de
608 6085 687 6136 Prop.
703 6083 765 6126 fotae
779 6079 864 6125 l'at'iis
880 6083 898 6123 l.
914 6080 967 6125 Vol.
984 6081 1036 6124 Vll.

1084 680 1264 760 Apostolica
1287 679 1380 751 Sede,
1403 679 1603 742 inscrutabili
1625 679 1680 742 llei
1703 681 1831 752 iudicio,

1083 775 1253 838 collocatos
1275 774 1431 853 praelatae
1453 773 1626 852 petitiones
1647 773 1834 836 iamdudum

1084 869 1240 939 desertae,
1255 867 1447 930 instantibus
1470 866 1617 946 praelatis
1639 866 1834 930 charissimis

1083 962 1116 1024 in
1138 961 1266 1024 christo
1290 961 1362 1023 filiis
1384 961 1514 1035 nostris,
1546 960 1668 1023 delatae
1699 959 1831 1032 fuerint,

1085 1056 1202 1126 omnia,
1226 1070 1307 1132 quae
1329 1056 1365 1117 ad
1390 1055 1517 1134 plenam
1540 1057 1588 1117 rei
1614 1053 1834 1132 cognitionem

1085 1150 1389 1226 quomodocumque
1401 1149 1614 1227 pertinerent,
1626 1148 1736 1226 colligi
1748 1163 1835 1210 man·

1086 1242 1249 1315 darimus,
1274 1258 1421 1322 quaeque
1450 1242 1526 1304 olim
1554 1244 1731 1306 desiderata
1760 1247 1836 1303 sunt

1086 1341 1117 1402 in
1141 1340 1246 1403 luceru
1276 1337 1424 1417 proferri.
1448 1337 1489 1400 llt
1519 1343 1626 1399 autem
1656 1337 1736 1398 nifril
1765 1335 1835 1398 sine

1086 1434 1223 1496 aliorum
1256 1432 1408 1511 prudenti
1438 1432 1571 1495 consilio
1600 1436 1833 1502 statueremus,

1086 1528 1280 1606 peculiarem
1304 1527 1503 1590 delectorum
1526 1526 1671 1587 virorum
1694 1523 1835 1602 congre·

1087 1622 1247 1699 gationern
1270 1622 1307 1683 ad
1330 1621 1452 1698 negotii
1474 1620 1569 1682 liuius
1585 1635 1721 1682 examen
1736 1620 1835 1696 depu-

1088 1717 1243 1790 tavimus;
1267 1715 1299 1775 in
1322 1729 1383 1791 qua
1404 1715 1580 1792 adscriptos
1601 1714 1765 1776 voluimus
1781 1727 1835 1775 re·

1087 1809 1263 1872 neraltilem
1303 1808 1435 1870 fratrem
1475 1815 1621 1870 nostrum
1659 1805 1834 1870 Antonium

1087 1903 1271 1974 llarerium,
1286 1902 1478 1980 Episcopum
1492 1900 1747 1974 Praenestinum,
1759 1899 1834 1962 San·

1086 2004 1152 2059 ctae
1175 1997 1334 2059 Romanae
1356 1994 1515 2058 Ecclesiae
1536 1993 1737 2056 Cardinalem
1752 1993 1833 2056 cen·

1087 2091 1134 2154 tili
1156 2096 1387 2167 nuncupatum,
1404 2087 1582 2166 praedictae
1603 2087 1833 2164 congregatio·

1087 2185 1136 2246 nis
1157 2183 1290 2247 concilii
1311 2181 1522 2252 Praefectum,
1536 2181 1733 2258 dilectosque
1749 2180 1833 2243 tilios

1086 2284 1214 2340 nostros
1236 2277 1382 2339 eiusdem
1406 2273 1537 2338 Sanctae
1552 2275 1711 2337 Romanae
1726 2275 1833 2337 Eccle-

1086 2373 1149 2434 siae
1170 2371 1353 2434 Cardinales
1375 2369 1593 2449 presbyteros,
1611 2367 1758 2447 Sylrium
1774 2367 1833 2430 Va·

1087 2460 1833 2542 lentinicongregationisdePropagandaEide

1086 2559 1296 2632 Praefectum,
1310 2559 1461 2622 carolum
1471 2555 1642 2618 libertum
1651 2555 1833 2618 Gabalchini

1086 2653 1285 2716 Praefectum
1320 2653 1397 2714 item
1433 2649 1701 2727 congregationis
1736 2665 1834 2728 super

1086 2749 1223 2825 negotiis
1246 2755 1278 2809 et
1298 2744 1586 2809 consultationibus
1600 2744 1833 2822 Episcoporum

1086 2851 1118 2906 et
1139 2842 1363 2918 Regularium,
1388 2839 1599 2901 fortunatum
1629 2835 1832 2900 Tamburrini

1085 2936 1285 2999 Praefectum
1306 2933 1573 3010 congregationis
1592 2931 1761 2994 Sacrorum
1783 2929 1833 2992 lti-

1087 3039 1178 3093 tuum
1214 3036 1246 3091 et
1280 3027 1475 3090 loaclrimum
1512 3026 1644 3088 Besozzi
1681 3025 1832 3087 llaiorem

1085 3123 1375 3196 Poenitentiarnm3
1392 3138 1426 3182 ac
1438 3126 1603 3200 praeterea
1614 3119 1833 3182 venerabilem

1086 3218 1218 3282 fratrem
1251 3215 1456 3294 Sylvestrum
1488 3214 1609 3276 llerani
1639 3213 1833 3292 Episcopum

1086 3312 1356 3391 Porphyriensem
1387 3307 1559 3387 Apostolici
1588 3307 1721 3371 Sacrarii
1743 3309 1843 3370 Prae·‘
1942 3349 1944 3352 -

1085 3407 1216 3476 fectum,
1233 3420 1330 3483 quem
1355 3403 1522 3482 peculiaris
1545 3403 1677 3465 huiusce
1692 3401 1835 3479 congre·

1086 3500 1222 3579 gationis
1244 3497 1452 3561 secretarium
1475 3495 1717 3568 declaravimus,
1734 3513 1768 3559 ac
1790 3496 1834 3558 di-

1085 3595 1185 3658 lectos
1208 3593 1311 3666 filios,
1335 3591 1526 3668 magistrum
1548 3589 1746 3652 Ludovicum
1776 3589 1835 3652 lla-

1086 3687 1164 3752 lenti
1179 3687 1212 3750 in
1227 3693 1363 3764 utraque
1378 3685 1542 3761 signatura
1562 3693 1670 3748 nostra
1692 3683 1835 3746 releren-

1085 3781 1228 3852 darium,
1266 3778 1524 3842 Protonotarium
1560 3777 1769 3856 apostolicum
1803 3784 1835 3839 et

1086 3875 1159 3938 fldei
1183 3879 1420 3950 promotorem,
1444 3871 1577 3959 fratrem
1610 3870 1793 3933 Michaelem
1818 3887 1835 3932 a

1087 3968 1201 4032 Sancto
1215 3965 1328 4045 loseph
1345 3967 1487 4045 priorem
1504 3964 1690 4042 generalem
1708 3963 1834 4027 Ordinis

1087 4062 1352 4125 Discalceatorum
1373 4059 1594 4122 Sanctissimae
1609 4059 1771 4122 Trinitatis
1785 4075 1835 4121 re-

1086 4156 1281 4234 demptionis
1303 4154 1514 4233 captivorum
1537 4152 1757 4216 coelestinum
1779 4151 1834 4217 Or-

1086 4251 1172 4314 landi
1194 4256 1435 4329 procuratorem
1452 4249 1638 4326 generalem
1652 4247 1835 4326 dongrsga-

1088 4345 1183 4407 tionis
1205 4343 1437 4405 monachorum
1459 4341 1729 4413 Goelestinorum,
1748 4340 1835 4403 loan-

1088 4454 1162 4502 nem
1185 4437 1346 4500 llndream
1367 4435 1490 4499 cnofrii
1511 4433 1637 4498 Ordinis
1658 4434 1835 4498 Eremitani

1088 4529 1193 4594 Sancti
1224 4529 1396 4607 Augustini
1428 4535 1670 4608 procuratorem
1703 4545 1835 4606 genera-

1088 4625 1163 4696 lem,
1182 4623 1337 4685 Tlromam
1354 4621 1504 4699 Sergium
1520 4622 1747 4701 presbyterum
1761 4637 1835 4685 con-

1088 4717 1283 4794 gregationis
1302 4716 1432 4777 Piorum
1448 4713 1686 4793 operariorum,
1704 4714 1835 4778 Sanctae

1088 4809 1306 4888 inquisitionis
1332 4809 1553 4873 consultorem
1579 4815 1611 4871 et
1635 4808 1834 4872 Praefectum

1088 4905 1268 4968 studiorum
1291 4904 1323 4966 in
1345 4903 1491 4980 collegio
1512 4903 1641 4966 Urbano
1663 4903 1702 4965 de
1723 4903 1836 4981 Propa-

1089 4998 1190 5074 ganda
1211 4997 1298 5068 Pide,
1313 4995 1446 5058 fratrem
1468 4995 1652 5059 loaclrinum
1668 4995 1759 5057 Pucci
1781 4993 1836 5057 cr-

1089 5091 1171 5154 dinis
1184 5089 1440 5152 Praedicatorum
1454 5089 1656 5166 magistrum,
1667 5089 1837 5168 Episcopo·

1089 5201 1163 5247 rum
1186 5191 1217 5246 et
1238 5184 1316 5247 cleri
1338 5183 1471 5246 Romani
1486 5185 1757 5260 examinatorem3
1777 5183 1837 5245 Do·

1090 5277 1244 5339 minicum
1260 5277 1423 5340 Turanum
1440 5276 1604 5340 Societatis
1620 5277 1690 5340 lesu
1706 5276 1837 5356 preshy-

1091 5379 1208 5445 terum,
1240 5369 1438 5451 Apostolicae
1470 5373 1735 5436 Poenitentiariae
1764 5389 1837 5435 con·

1090 5467 1247 5530 sulturem
1270 5466 1472 5546 theologum,
1506 5473 1539 5529 et
1560 5466 1731 5544 Aegidium
1752 5466 1837 5529 ciuli

1091 5560 1234 5622 eiusdem
1254 5558 1419 5623 Societatis
1441 5559 1680 5638 presbyterum,
1698 5559 1836 5622 alterum

1091 5653 1345 5715 examinatorem
1367 5651 1599 5730 Episcoporum
1620 5658 1652 5714 et
1671 5667 1835 5714 sacrorum

1091 5762 1250 5808 canonum
1271 5744 1487 5824 professorem
1503 5745 1535 5807 in
1557 5745 1694 5822 collegio
1709 5745 1838 5808 cerma-

1092 5842 1162 5904 nico
1184 5841 1365 5918 llungarico
1386 5840 1423 5902 ad
1439 5837 1590 5904 Sanctum
1606 5837 1835 5917 Apollinarem.

1094 5934 1149 5998 llis
1176 5933 1324 5998 omnibus
1356 5939 1389 5995 et
1415 5931 1552 6011 singulis
1583 5932 1730 5996 exhiberi
1751 5947 1838 5994 man-

1706 6078 1733 6120 92

1759 545 1815 609 169
1870 542 1922 600 An.
1936 542 1965 598 c.
1979 535 2049 600 1118
