4836 7002
332 575 384 632 hm
398 573 426 632 G.
442 575 510 632 ll'tltt
565 574 625 638 200

546 718 688 772 strorum
711 709 909 772 inhaerendo
930 707 1085 786 vestigiis,
1110 708 1167 770 hac
1188 714 1297 770 nostra

546 811 703 880 perpetuo
735 801 871 864 valitura
900 799 1146 884 constitutione,
1181 801 1295 862 eodem

546 896 653 967 modo,
676 895 800 958 ratione
822 902 855 957 et
875 894 989 966 torma,
1010 895 1128 972 quibus
1150 893 1209 972 ipsi
1232 894 1297 956 edi·

546 995 665 1050 xerunt
686 996 718 1052 et
740 988 955 1058 declararunt,
970 1004 1028 1049 nos
1051 1002 1181 1065 quoque
1202 987 1297 1049 edici·

546 1096 617 1142 mus
639 1089 672 1144 et
693 1081 902 1152 declaramus,
924 1081 1108 1144 institutum
1131 1079 1297 1144 societatis

544 1174 614 1260 lesu¹
630 1189 838 1252 summopere
854 1175 1003 1237 redolere
1018 1176 1170 1254 pietatem
1183 1182 1216 1236 et
1226 1191 1296 1236 san-

544 1268 698 1339 ctitatem,
720 1276 791 1330 tum
814 1268 854 1330 ob
878 1269 1085 1346 praecipuum
1107 1269 1217 1340 finem,
1232 1283 1297 1346 quo

545 1362 685 1424 maxime
706 1368 838 1440 spectat,
854 1361 1076 1424 detonsionem
1089 1360 1210 1424 scilicet
1224 1377 1296 1440 pro-

544 1456 813 1534 pagationemque
835 1455 1008 1518 catholicae
1030 1455 1208 1532 religionis,
1228 1463 1294 1518 tum

545 1549 584 1612 ob
608 1550 721 1620 media,
747 1564 828 1626 quae
854 1549 985 1612 adhibet
1014 1549 1051 1611 ad
1073 1547 1237 1611 eiusmodi
1260 1551 1294 1612 ss-

544 1661 618 1709 nem
648 1644 931 1720 consequendum,
956 1642 1041 1720 quod
1064 1641 1117 1704 vel
1149 1639 1215 1720 ipsa
1237 1659 1295 1704 nos

545 1739 698 1806 hactenus
719 1737 828 1799 docuit
850 1736 1060 1814 experientia,
1084 1751 1156 1798 cum
1185 1753 1223 1798 ex
1247 1753 1296 1798 ea-

544 1833 617 1894 dem
640 1829 805 1908 disciplina
827 1836 889 1892 tam
908 1829 1028 1892 multos
1043 1830 1080 1892 ad
1097 1829 1177 1891 hano
1192 1845 1295 1906 usque

544 1933 679 1988 aetatem
704 1924 861 2002 prodiisse
878 1925 1030 1985 norimus
1046 1923 1244 1986 orthodoxae
1261 1925 1294 1984 ti·

544 2021 595 2082 dei
617 2025 875 2098 propugnatores
902 2032 1074 2093 sacrosque
1103 2033 1293 2094 praecones,

544 2114 741 2192 qui'invicto
770 2110 867 2173 animi
890 2110 1008 2172 robore
1037 2117 1121 2173 terra
1148 2111 1294 2188 marique

542 2207 671 2269 subiere
693 2203 846 2283 pericula,
863 2209 899 2266 ut
913 2204 950 2265 ad
967 2209 1081 2281 gentes
1096 2204 1295 2266 immanitate

439 2332 442 2338 ·
546 2301 690 2362 barbaras
713 2297 917 2376 evangelicae
940 2297 1230 2360 doctrinaelumen
1253 2297 1295 2360 ai-

545 2395 680 2464 lerrent,
695 2401 727 2456 et
741 2400 901 2470 quotquot
917 2392 1002 2452 idem
1019 2392 1214 2469 profitentur
1229 2392 1294 2454 lau-

544 2488 647 2550 dabile
671 2486 867 2556 institutum,
889 2485 1005 2564 partim
1027 2485 1168 2547 intentos
1184 2485 1296 2547 iuven·

546 2583 604 2646 tuti
626 2582 785 2659 religione
800 2580 937 2643 ethonis
952 2579 1073 2642 artibus
1086 2580 1293 2652 erudiendae,

544 2677 656 2754 partim
672 2691 801 2753 operam
815 2676 926 2738 dantes
941 2673 1160 2752 spiritualibus
1173 2676 1296 2736 exerci-

546 2771 595 2832 tiis
613 2769 786 2841 tradendis,
804 2770 918 2847 partim
935 2769 1065 2831 adsidue
1081 2775 1246 2831 versantes
1261 2769 1294 2829 in

543 2864 750 2926 sacramentis
766 2864 935 2942 praecipue
951 2861 1170 2925 Poenitentiae
1185 2869 1218 2924 et
1232 2863 1294 2924 Eu-

544 2957 710 3021 charistiae
732 2955 988 3019 administrandis
1003 2963 1036 3017 et
1050 2957 1087 3018 ad
1102 2971 1217 3018 eorum
1232 2955 1295 3018 lre-

544 3051 747 3128 quentiorem
786 3065 880 3112 usum
915 3049 1063 3112 ildeliltus
1098 3049 1292 3120 excitandis,

545 3153 613 3206 tum
647 3145 795 3206 immines
827 3144 859 3204 in
892 3142 976 3219 agris
1009 3143 1165 3220 degentes
1194 3141 1295 3206 divini

544 3238 635 3301 verbi
649 3237 764 3315 pabulo
776 3243 970 3308 recreantes,
983 3252 1017 3298 ac
1030 3243 1196 3314 propterea
1208 3237 1293 3298 idem

544 3332 730 3396 institutum
753 3329 919 3394 societatis
940 3329 1010 3392 lesu
1032 3331 1068 3392 ad
1086 3329 1163 3392 haec
1178 3329 1294 3392 eximia

544 3425 755 3505 perpetranda
768 3425 874 3486 divina
890 3423 1090 3501 providentia
1107 3423 1291 3495 excitatum,

544 3521 603 3599 ipsi
626 3533 756 3597 quoque
780 3517 994 3596 approbamus
1016 3523 1048 3578 et
1073 3517 1295 3595 praedecesso-

544 3630 618 3676 rum
653 3620 840 3676 nostrorum
872 3611 1116 3689 approbationes
1148 3611 1292 3674 eiusdem

544 3708 685 3770 Instituti
702 3706 872 3785 apostolica
893 3705 1081 3767 auctoritate
1097 3713 1205 3766 nostra
1220 3721 1295 3767 con·

545 3801 723 3862 firmamus.

335 3901 401 3946 vota
416 3898 526 3944 huiusce
585 3893 654 3972 §b
667 3892 747 3956 Vota
769 3893 912 3970 insuper,
930 3892 1046 3969 quibus
1067 3891 1165 3954 iidem
1187 3893 1294 3955 clerici

312 3955 527 4058 hildisuit
545 3987 712 4065 regulares
734 3986 900 4048 societatis
928 3985 996 4048 lesu
1023 3985 1109 4046 iuxta
1135 3985 1220 4048 idem
1243 4003 1295 4049 eo-

312 4060 527 4158 ssffdffi‘fiss'ffissss
546 4081 825 4144 rum-institutum
858 4095 892 4141 se
921 4081 1084 4142 devovent
1105 4079 1181 4152 Deo,
1206 4089 1294 4158 grata

313 4165 526 4274 §gfflffssegffl
546 4175 592 4238 illi
615 4183 647 4238 et
667 4181 793 4253 accepta
815 4191 886 4236 esse
908 4173 1124 4250 declaramus3
1148 4175 1294 4252 spiritua-

312 4273 466 4375 {ffiffl‘ff
481 4273 526 4370 rig
546 4267 586 4330 lia
601 4268 762 4338 exercitia,
776 4283 857 4345 quae
872 4268 910 4329 ab
925 4267 1046 4329 eisdem
1062 4267 1186 4331 clericis
1199 4284 1293 4346 regu-

312 4379 440 4442 qecqssor.
463 4339 526 4424 i’aon-
545 4361 665 4423 laribus
688 4361 858 4424 traduntur
880 4361 1028 4423 fidelibus
1050 4378 1065 4421 a
1086 4361 1198 4424 mundi
1214 4371 1294 4425 stre·

312 4433 526 4544 ζᾏῆἳξᾎζῐξρῆξῤ
545 4456 613 4534 pitu
634 4455 766 4516 semotis
797 4471 853 4532 per
874 4453 942 4516 dies
963 4454 1102 4531 aliquot,
1126 4461 1162 4516 ut
1184 4456 1222 4518 de
1245 4473 1294 4518 ae·

311 4540 513 4586 ⁰⁰¹¹flr¹¹¹³¹¹i¹¹h
546 4557 635 4610 terna
657 4548 872 4625 suiipsorum
901 4547 1005 4610 salute
1033 4549 1119 4610 serio
1141 4556 1174 4610 et
1200 4549 1293 4612 unice

544 4643 697 4720 cogitent,
712 4649 747 4704 ut
762 4642 899 4704 maxime
914 4641 1125 4705 conducibilia
1140 4641 1176 4704 ad
1193 4643 1293 4705 reior-

544 4737 677 4798 mandos
699 4751 806 4798 mores
822 4735 903 4798 etad
921 4736 1125 4800 christianam
1141 4736 1291 4814 pietatem

545 4829 754 4892 hauriendam
776 4828 1064 4906 nutriendamque,
1096 4845 1293 4907 magnopere

544 4923 716 5002 probamus
748 4930 780 4984 et
809 4922 992 4996 laudamus3
1026 4923 1293 5000 congregationes

545 5023 709 5095 praeterea
724 5031 783 5079 seu
803 5015 957 5088 sodalitia,
982 5032 1046 5078 non
1069 5015 1165 5078 modo
1187 5015 1290 5078 adole-

543 5101 714 5182 scentium,
732 5109 784 5187 qui
808 5111 845 5171 ad
860 5109 984 5170 scholas
1006 5109 1166 5172 ventitant
1188 5107 1293 5172 Socie-

1067 587 1132 635 tull.
1156 589 1248 634 honr.
1272 588 1313 633 bit
1335 588 1364 633 Ρ.
1389 589 1418 634 Γ.
1443 589 1526 652 entis
1548 589 1569 634 l.

2136 573 2188 630 An.
2202 572 2231 630 o
2246 572 2317 630 lieo

1351 707 1517 770 vocatione
1539 707 1652 770 Boutae
1682 706 1796 769 llariae
1818 723 1874 770 seu
1903 707 2017 784 quovis
2040 707 2101 770 alio

1352 799 1446 862 titulo
1468 809 1585 872 erecta,
1599 809 1632 864 et
1653 816 1734 878 quae
1755 801 1788 863 in
1810 801 1847 862 iis
1863 801 1911 880 pia
1927 818 2023 880 opera
2039 802 2101 865 ler-

1350 893 1439 955 venti
1461 894 1567 956 studio
1590 901 1794 966 exercentur,
1812 895 1995 974 probamus,
2012 911 2101 974 prae-

1351 986 1542 1065 cipuamque
1565 1004 1640 1065 erga
1671 988 1798 1051 Beatam
1828 988 1881 1051 Dei
1905 988 2099 1052 Genitricem

1350 1096 1480 1159 semper
1512 1080 1680 1159 Virginem
1713 1081 1840 1144 Mariam
1874 1083 2098 1156 devotionem,

1351 1175 1486 1250 quaein
1508 1174 1546 1236 iis
1577 1175 1729 1238 sodalitiis
1759 1175 1854 1240 alitur
1877 1184 1909 1238 et
1931 1191 2101 1254 promove·

1350 1273 1420 1337 tur,
1445 1283 1643 1355 magnopere
1671 1270 1952 1341 commendamus,
1976 1277 2101 1334 nostro·

1350 1377 1490 1438 rumque
1512 1361 1566 1424 iel.
1584 1377 1649 1424 rec.
1673 1363 1958 1441 praedecessorum
1981 1363 2101 1441 Grego-

1351 1455 1389 1516 rii
1412 1454 1503 1527 lllll.,
1522 1454 1602 1518 Sixti
1618 1454 1669 1527 V„
1686 1455 1832 1533 Gregorii
1856 1454 1923 1518 llll.
1947 1464 1979 1518 et
2001 1456 2100 1519 Bene-

1350 1549 1425 1611 dicti
1447 1546 1527 1611 xlv.
1558 1549 1815 1621 constitutiones
1846 1548 1963 1627 quibus
1992 1567 2028 1612 ea
2051 1567 2101 1612 so-

1350 1641 1455 1705 dalitia
1486 1642 1720 1720 approbarunt,
1755 1659 1813 1704 nos
1844 1643 2015 1720 apostolica
2047 1660 2100 1706 au-

1349 1737 1495 1799 ctoritate
1520 1742 1626 1799 nostra
1648 1736 1888 1808 confirmamus,
1912 1745 2100 1814 ceterasque

1350 1847 1462 1894 omnes
1484 1829 1728 1893 constitutiones
1746 1847 1762 1891 a
1777 1829 1926 1892 Romanis
1943 1830 2101 1893 Pontifici-

1350 1925 1409 1988 bus
1432 1923 1730 2003 praedecessoribus
1761 1924 1879 1985 nostris
1900 1924 1933 1986 in
1955 1923 2098 1986 eiusdem

1349 2018 1488 2082 instituti
1521 2015 1687 2080 Societatis
1718 2017 1789 2079 lesu
1818 2017 2021 2080 functionum
2050 2033 2101 2094 ap-

1350 2112 1570 2191 probationem
1590 2118 1622 2173 et
1637 2110 1765 2172 laudem
1791 2111 1945 2184 conditas,
1963 2125 2098 2188 quarum

1348 2207 1491 2286 singulas
1516 2206 1566 2267 hic
1589 2205 1699 2268 haberi
1715 2206 1867 2268 volumus
1883 2221 1941 2284 pro
1956 2206 2098 2277 insertis,

1348 2301 1536 2363 auctoritate
1551 2299 1662 2361 itidem
1678 2299 1770 2360 nobis
1785 2316 1800 2359 a
1813 2299 1878 2360 Deo
1891 2299 2015 2371 tradita,
2029 2315 2101 2377 apo·

1348 2393 1479 2455 stolicae
1500 2392 1753 2456 confirmationis
1768 2399 1896 2454 nostrae
1909 2392 2027 2455 robore
2043 2408 2101 2470 per

1349 2487 1429 2549 hanc
1445 2493 1585 2550 nostram
1603 2486 1867 2548 constitutionem
1891 2487 2030 2549 munitas
2045 2501 2100 2548 vo-

1349 2580 1468 2651 lumus,
1492 2586 1535 2650 et,
1559 2579 1585 2639 si
1609 2596 1689 2658 opus
1711 2580 1763 2650 sit,
1787 2579 1878 2642 velut
1899 2597 1914 2641 a
1937 2579 2030 2641 nobis
2060 2596 2099 2642 ex

1348 2673 1477 2751 integro
1498 2673 1640 2736 conditas
1669 2673 1835 2750 editasque
1863 2675 1990 2737 censeri
2011 2690 2100 2752 prae·

1348 2768 1484 2846 cipimus
1506 2775 1539 2830 et
1560 2768 1760 2829 mandamus.

1389 2863 1407 2938 5
1427 2859 1457 2923 6.
1482 2860 1569 2923 Nulli
1600 2876 1680 2938 ergo
1710 2861 1842 2923 omnino
1864 2860 2035 2923 hominum
2065 2862 2099 2924 li·
2119 2866 2258 2964 nalsssnctio
2275 2878 2334 2922 pos

1348 2963 1416 3018 ceat
1439 2955 1519 3017 hanc
1541 2954 1688 3032 paginam
1711 2962 1839 3017 nostrae
1864 2955 2099 3034 approbationis
2191 2952 2196 2963 '

1349 3057 1381 3113 et
1402 3047 1655 3110 confirmationis
1683 3048 1864 3126 intringere
1887 3047 1940 3110 vel
1969 3049 1998 3110 ei
2021 3061 2099 3110 ausu

1350 3143 1522 3204 temerario
1551 3141 1730 3217 contraire3
1754 3143 1781 3204 si
1810 3143 1881 3220 quis
1909 3149 2017 3206 autem
2041 3143 2101 3206 hoc

1347 3243 1504 3298 attentare
1541 3235 1807 3314 praesumpserit,
1845 3237 2099 3314 indignationem

1348 3327 1584 3407 Omnipotentis
1613 3328 1669 3390 Dei
1698 3344 1732 3390 ac
1762 3329 1930 3390 beatorum
1962 3329 2045 3392 Petri
2069 3336 2102 3391 et

1349 3423 1436 3484 Pauli
1458 3421 1687 3501 Apostolorum
1710 3423 1779 3484 eius
1801 3438 1835 3484 se
1852 3423 1980 3484 noverit
1994 3425 2100 3486 incur-

1349 3531 1475 3577 surum.

1389 3610 1502 3671 Datum
1532 3608 1673 3681 homae,
1694 3609 1775 3687 apud
1799 3607 1831 3672 S.
1857 3609 1984 3672 llariam
2007 3610 2100 3672 llaio-

1349 3719 1432 3774 rem,
1458 3719 1508 3764 an.
1537 3703 1691 3766 incarnat.
1719 3702 1902 3765 Dominicae
1924 3717 2098 3776 uoaaccxv„

1349 3813 1404 3858 vn.
1428 3797 1499 3858 idus
1522 3797 1598 3868 ian„
1622 3803 1710 3874 pont.
1735 3796 1837 3858 nostri
1859 3813 1942 3858 anno
1961 3813 2017 3860 vn.

1684 4155 1756 4238 vir.

1348 4359 1631 4440 Pseudo-sqoodos
1654 4361 1842 4441 provinciae
1873 4361 2100 4426 Utrot'cctcosis

1389 4454 1501 4519 hahita
1528 4455 1578 4517 die
1606 4473 1677 4517 xm.
1707 4454 1891 4536 septembris
1918 4473 2097 4528 nocccxtrr.

1384 4547 1601 4629 proscribitur
1632 4555 1663 4610 ct
1693 4549 1910 4620 occullatur,
1943 4567 2000 4612 ccc
2035 4567 2099 4612 ooo

1387 4642 1565 4706 damnatur
1590 4640 1671 4706 liber
1694 4641 1860 4706 [dtr-atech·
1888 4642 1991 4705 editos
2013 4659 2099 4706 coeo

1387 4753 1560 4798 noccuxrv.
1585 4751 1644 4814 quo
1678 4741 1753 4800 octo
1780 4741 1811 4798 et
1839 4735 1967 4799 decreto
1995 4735 2100 4799 dictae

1387 4829 1499 4907 synodi
1520 4829 1722 4908 referuntur.

1538 4997 1726 5066 eutheos
1750 4999 1811 5066 ΡΡ.
1836 4997 1907 5066 xttt.

1426 5123 1463 5189 ed
1490 5128 1665 5208 perpetuam
1695 5123 1739 5190 rei
1766 5124 1936 5192 memoriam
1958 5123 2016 5208 (l).

545 5205 615 5268 tatis
636 5204 719 5276 lesu,
747 5203 802 5266 sed
824 5201 955 5280 quaevis
977 5201 1046 5270 alia,
1080 5204 1148 5264 sive
1169 5203 1290 5265 schola·
1386 5217 1390 5226 ·

543 5298 626 5360 rium
646 5305 780 5368 tantum,
794 5296 862 5359 sive
874 5296 1011 5359 aliorum
1026 5295 1290 5359 christifidelium

544 5398 679 5465 tantum,
702 5391 771 5453 sive
793 5397 1009 5516 utrorumque
1031 5389 1139 5462 simul,
1164 5391 1223 5453 suh
1245 5392 1292 5452 in-

1386 5299 1455 5374 §l
1480 5298 1550 5360 Non
1573 5299 1642 5362 sine
1672 5301 1786 5362 acerbo
1810 5301 1908 5362 animi
1936 5315 2032 5363 sensu
2054 5307 2099 5361 at·
2168 5308 2347 5372 ecferuntur

1347 5405 1411 5469 que
1432 5393 1545 5455 dolore
1567 5393 1758 5472 iampridem
1779 5394 1975 5472 accepimus,
1994 5393 2099 5472 perdi·
2116 5363 2348 5472 {fiiiiaunffgffffif

583 5647 614 5701 (lt
626 5645 785 5691 illectionem
797 5646 867 5690 Petri
877 5645 981 5691 loannis
994 5645 1136 5692 Meindarts
1146 5645 1173 5690 in
1186 5645 1293 5703 psendo-
1318 5659 1322 5740 ι
1346 5647 1444 5692 elensis
1456 5647 1649 5704 archiepiscopi
1659 5648 1803 5698 damnavit,
1815 5649 1989 5706 eumdemque
1999 5649 2098 5694 iterum

542 5713 774 5770 archiepiscopum
790 5713 1009 5760 Ultraiectensem
1030 5713 1158 5766 irritavit,
1174 5725 1221 5758 nec
1242 5725 1293 5759 non
1347 5713 2098 5763 excommunicavitBenedictuleV.constamnnccxnr.

542 5781 663 5826 eumdem
678 5785 758 5838 atque
777 5781 905 5826 electores
920 5779 1166 5833 excommunicavit,
1184 5791 1215 5826 ae
1233 5793 1295 5838 quo-

543 5849 632 5892 minus
647 5859 674 5892 se
690 5848 717 5892 in
732 5848 964 5906 archiepiscopum
986 5848 1136 5894 consecrari
1151 5847 1236 5893 lacere
1250 5859 1295 5892 au·

541 5915 618 5960 deret
627 5915 766 5972 prohibuit
774 5915 894 5960 clemens
904 5919 957 5960 xli.
965 5919 1048 5961 const.
1056 5915 1119 5961 anati
1130 5925 1292 5961 unccxxxux.

541 5985 591 6028 oct.
606 5994 640 6027 vr.
658 5982 887 6028 consecrationem
911 5983 1059 6041 supradicti
1074 5982 1173 6028 intrusi
1194 5983 1294 6028 Utraie·

1347 5779 1414 5824 iunii
1431 5792 1504 5826 xxiv.
1521 5781 1681 5826 Electionem
1698 5782 1851 5838 llisronymi
1865 5783 1896 5828 de
1907 5783 1975 5828 Boch
1988 5783 2015 5828 in
2026 5795 2099 5842 pseu·

1348 5847 1546 5904 doltpiscopum
1556 5849 1754 5894 Harlemensem
1763 5848 1900 5895 damnavit
1911 5850 2019 5908 pariter,
2028 5843 2098 5895 eum-

1348 5927 1398 5971 que
1409 5916 1666 5961 excommunicatum
1677 5916 1813 5962 vitandum
1824 5916 1969 5963 declararit
1981 5919 2097 5964 Pontifex

1348 5981 1418 6028 idem
1437 5987 1520 6028 const.
1539 5984 1602 6030 anni
1619 5995 1735 6030 uroccnrr.
1756 5986 1820 6042 sept.
1836 5996 1852 6030 1.
1869 5985 2097 6031 consecrationem
