4814 6992
898 624 1108 670 innodabimus
1131 626 1180 670 ΡΡ.
1205 627 1263 674 xit.

306 745 401 816 suris,
415 745 451 807 ad
466 745 714 823 praemissorum
733 745 895 816 ellectum,
913 744 970 806 hac
985 745 1054 806 vioe

306 841 481 908 dumtaxat,
504 839 686 918 specialiter
704 847 737 902 et
751 855 901 917 expresse
923 840 1055 916 deroga-

307 949 391 1009 mus;
408 933 589 1010 ceterisque
605 933 772 996 contrariis
785 933 1053 1010 quibuscumque.

349 1029 460 1090 ilatum
483 1026 611 1097 Romae,
642 1029 722 1104 apud
754 1025 785 1088 S.
812 1027 938 1088 llariam
962 1025 1053 1088 litaio·

306 1135 390 1192 rem,
414 1120 472 1181 sub
494 1119 613 1182 annulo
639 1119 816 1188 Piscatoris,
840 1119 891 1182 die
914 1135 990 1181 xxx.
1015 1119 1055 1179 ia-

306 1214 423 1283 nuarii,
447 1229 616 1280 xncxcrx..
637 1213 750 1290 pontii.
768 1215 869 1274 nostri
885 1229 969 1274 anno
985 1229 1053 1274 vrri.

643 1588 721 1653 vill.

309 1775 529 1858 Confirmatio
544 1776 704 1839 decretum
718 1775 832 1857 Conpr.
853 1776 945 1838 Cone.
962 1793 1057 1858 anper

348 1870 539 1950 obliquatione
559 1871 772 1952 parochorum
801 1871 986 1952 applicandi
1006 1888 1056 1934 aa·

348 1965 505 2138 εὲβὸίςιω
536 1981 592 2044 pro
623 1967 737 2046 populo
769 1967 802 2026 t'n
834 1963 943 2028 dicbus
970 1965 1057 2044 [estt-

471 2254 728 2324 innocentius
750 2255 811 2323 ΡΡ.
836 2254 895 2322 tttl.

453 2417 489 2484 ad
511 2417 641 2484 tuturan
664 2419 707 2484 rei
730 2417 910 2484 memoriam.

74 2639 163 2724 321⁸?
175 2627 288 2725 sffiipg
350 2626 369 2698 ἓ
392 2623 419 2684 i.
443 2623 552 2701 Nuper
574 2639 590 2684 a
612 2621 870 2699 Congregatione
893 2622 1058 2684 venerabi-

77 2736 286 2832 fffl'l'f'ssff'issssss
309 2717 389 2778 lium
414 2717 546 2778 tratrnm
571 2723 755 2778 nostrorum
781 2715 812 2778 S.
837 2716 871 2777 R.
893 2715 928 2776 n.
952 2715 1057 2778 Cardi-

70 2851 86 2886 ’,ο
103 2856 131 2884 ιιι

309 2811 430 2872 natium
465 2810 598 2872 concilii
630 2809 806 2871 Tridentini
842 2809 1056 2888 interpretum

309 2905 481 2976 emanavit,
497 2919 595 2981 super
616 2904 753 2981 quodam
776 2903 873 2964 dubio
889 2919 947 2980 pro
970 2909 1058 2980 parte

309 2997 504 3059 venerabilis
536 2995 642 3058 lratris
671 2997 817 3058 moderni
844 2995 990 3073 Episcopi
1012 2995 1058 3057 Pi-

308 3090 477 3152 storiensis
499 3097 532 3152 et
552 3089 712 3152 Pratensis
726 3089 978 3165 congregationi
1000 3088 1058 3150 hn-

309 3182 448 3250 iusnodi
471 3184 646 3262 proposito,
671 3183 835 3244 decretum
859 3181 980 3243 tenoris
1003 3181 1057 3258 qui

307 3277 469 3354 sequitur,
492 3275 651 3338 videlicet:
676 3273 915 3336 ‹Pistoriensta
933 3280 963 3336 et
978 3273 1057 3337 Pro-

309 3371 425 3432 tensts:
456 3369 536 3432 Cum
570 3369 698 3447 parochi
731 3369 936 3432 ecclesiarum
961 3369 1057 3431 Pisto-

309 3464 425 3525 riensis
448 3469 480 3524 et
500 3462 671 3534 Pratensis,
695 3465 780 3524 inter
802 3461 905 3524 varias
938 3462 1058 3540 opinio·

309 3573 368 3619 nes
390 3557 557 3618 doctorum
580 3556 727 3628 involuti,
748 3555 915 3632 negligant
936 3556 968 3618 in
990 3557 1058 3618 dies

307 3650 558 3712 celebrationem
575 3657 608 3712 et
621 3649 800 3728 respective
815 3649 1055 3727 applicationem

309 3743 455 3805 sacrificii
478 3757 536 3821 pro
557 3742 677 3821 populo
699 3742 785 3804 iuxta
814 3742 1056 3820 dispositionem

309 3853 474 3899 sacrorum
507 3852 665 3898 canonum
688 3843 721 3897 et
741 3835 875 3898 Consilii
898 3836 1057 3901 Tridenti-

309 3931 359 4002 ni,
392 3931 577 4008 Episcopus,
610 3930 646 3991 ad
672 3929 907 3992 consulendum
937 3932 1056 3994 nedum

310 4025 472 4102 propriae,
506 4039 621 4085 verum
655 4024 750 4085 etiam
782 4023 939 4086 dictorum
968 4041 1058 4103 paro-

310 4119 446 4180 chorum
469 4116 693 4188 conscientiac,
717 4116 872 4194 supplicat
887 4117 1056 4180 declarari:

312 4211 361 4272 An
377 4209 512 4290 parochi
534 4215 705 4272 tencantur
726 4207 871 4272 omnibus
892 4209 1000 4274 diebus
1014 4212 1059 4292 [-

309 4305 369 4365 stis
390 4303 552 4384 applicare
571 4303 767 4384 sacrificiunt
779 4319 838 4386 pro
851 4305 977 4384 popolo,
993 4307 1059 4369 atro

311 4396 450 4460 habeant
471 4414 659 4477 conproom,
683 4397 746 4460 vioe
766 4415 842 4462 ooo.

67 4503 291 4604 ‚ssffssflfssx‘ss‘ssssss
352 4513 369 4554 ι
384 4491 440 4554 Die
451 4509 517 4553 xiv.
531 4491 683 4554 lebruarii
695 4508 864 4564 uncxorx„
878 4509 964 4555 sacra
978 4493 1059 4556 con-

67 4606 291 4705 naffiaffliffl
311 4585 457 4664 gregatio
478 4585 808 4648 eminentissimorum
833 4587 863 4648 S.
881 4585 917 4648 R.
934 4587 969 4648 ii.
987 4587 1059 4650 Gar-

78 4673 114 4704 .'=¹.
140 4675 149 4704 )
219 4697 224 4702 .
238 4693 245 4704 .

65 4717 220 4760 maluinno.

310 4679 465 4742 dinatiuin
488 4678 621 4742 Concilii
644 4679 821 4741 Tridentini
843 4681 1057 4759 interpretum

310 4772 446 4844 censuit,
464 4773 579 4835 dandas
598 4789 669 4834 esse
685 4773 897 4835 resolutiones
913 4774 987 4836 alias
1003 4775 1059 4838 hac

310 4867 353 4929 de
375 4883 409 4928 re
435 4867 545 4938 editas,
571 4874 603 4928 et
624 4867 788 4943 signanter
804 4867 836 4928 in
856 4867 976 4930 nullius
998 4867 1058 4931 No·

310 4961 486 5024 nantulano
508 4961 764 5024 eminentissimo
784 4961 895 5024 Abbati
913 4979 988 5024 xxx.
1007 4979 1059 5026 au-

311 5055 398 5131 gusti
420 5071 601 5116 uncxcvrrr.
626 5055 747 5116 tenoris
768 5063 805 5117 ut
826 5055 923 5118 intra:

352 5147 463 5211 ‹Gurn
488 5155 658 5226 praecepto
681 5149 789 5211 divino
811 5151 868 5221 iis,
893 5151 1009 5228 quibus
1030 5171 1059 5213 a·

309 5242 472 5305 nimirum
495 5258 570 5304 cura
592 5243 759 5304 commissa
783 5249 840 5314 est,
875 5244 1057 5306 mandatum

310 5336 354 5397 sit
384 5351 440 5412 pro
472 5335 586 5397 ovibus
619 5336 684 5395 suis
716 5335 905 5397 sacrificium
930 5337 1056 5410 oberro,

311 5445 407 5506 saepe
417 5429 492 5491 alias
507 5444 592 5491 sacra
607 5427 822 5504 Congregatio
838 5429 971 5491 concilii
987 5447 1059 5492 ceu·

308 5523 376 5585 suit
398 5523 550 5602 parochos
575 5521 680 5584 teneri
710 5537 768 5599 pro
793 5521 991 5600 parochianis
1014 5541 1059 5585 sa-

308 5617 466 5679 crificium
483 5615 651 5694 applicare,
670 5623 702 5677 et
716 5616 885 5694 praecipue
908 5616 939 5678 in
962 5617 1058 5680 dubio

308 5710 527 5790 applicationis
548 5709 692 5771 sacrificii
715 5709 877 5788 proposito
900 5717 932 5772 et
953 5725 1058 5789 respe-

1111 745 1195 806 ctive
1217 743 1360 807 resoluto
1394 745 1528 810 subdio
1551 763 1581 808 x.
1605 747 1679 808 maii
1708 762 1855 808 xncxcn.

1112 839 1160 901 his
1182 839 1331 918 praecisis
1359 839 1466 902 verbis
1498 846 1668 918 concepto:
1696 839 1744 902 Aa
1763 854 1856 920 poro·

1112 933 1190 996 ctos
1210 933 1341 996 missam
1364 930 1520 996 celebrare
1542 937 1691 996 teneatur
1712 939 1741 994 et
1758 934 1858 997 socri-

1111 1028 1219 1108 fictum
1243 1027 1405 1108 opptr'ccre
1423 1041 1481 1107 pro
1509 1025 1718 1106 parochianis
1738 1029 1774 1090 in
1795 1027 1857 1091 die-

1112 1119 1169 1184 tos
1190 1121 1358 1184 dominicis
1379 1127 1409 1182 et
1429 1121 1535 1201 (estis,
1558 1121 1623 1184 aiae
1651 1120 1766 1186 habeat
1786 1137 1858 1184 ron-

1111 1231 1228 1295 pruom
1249 1217 1314 1278 stoc
1335 1217 1423 1278 nont
1445 1213 1548 1286 Sacra,
1572 1223 1646 1286 etc,
1671 1215 1757 1276 iuxta
1783 1215 1859 1277 alias

1112 1309 1358 1382 declarationes,
1382 1309 1508 1372 censuit
1539 1308 1661 1380 teneri,
1685 1325 1743 1370 nec
1765 1325 1859 1387 posse

1112 1403 1231 1466 eisdem
1256 1402 1368 1466 diebus
1390 1402 1482 1464 aliam
1512 1401 1751 1480 eleemosynam
1780 1401 1859 1464 reci-

1112 1511 1200 1573 pere:
1225 1513 1258 1558 ac
1280 1495 1415 1574 proinde
1436 1495 1520 1557 idem
1551 1511 1636 1558 nunc
1664 1495 1859 1572 responden-

1113 1591 1188 1652 dum
1212 1607 1282 1652 esse
1311 1595 1508 1652 censuerunt
1537 1589 1782 1662 eminentissimi
1810 1605 1859 1668 pa-

1113 1691 1177 1746 tres
1200 1684 1301 1760 quoad
1325 1683 1479 1761 parochos
1505 1682 1746 1745 Nouantulanae
1774 1683 1858 1745 dioe-

1112 1777 1210 1851 cesis3
1233 1776 1384 1839 addentes
1409 1777 1542 1854 insuper
1570 1777 1655 1852 quod
1679 1775 1714 1837 Ε.
1740 1775 1777 1838 V.
1801 1791 1859 1854 pro

1112 1887 1171 1932 suo
1193 1869 1340 1948 pastorali
1362 1870 1432 1932 zelo
1461 1869 1676 1932 detrectantes
1704 1869 1859 1947 parochos

1112 1963 1308 2042 compellere
1330 1980 1394 2026 non
1418 1969 1571 2040 gravetur
1585 1995 1623 2008 -
1640 1963 1661 2024 l.
1684 1963 1859 2026 Gardinalis

1114 2055 1342 2120 Saeuirnnras
1373 2055 1553 2135 praelectus
1583 2087 1620 2102 -
1655 2056 1686 2117 F.
1716 2055 1860 2120 Nunnius

1112 2151 1304 2213 secretarius
1319 2169 1348 2210 ›.
1736 2161 1742 2178 ¹

1152 2244 1171 2320 ἓ
1192 2245 1221 2305 2.
1238 2243 1318 2306 Cum
1338 2250 1456 2314 autem,
1474 2244 1556 2306 sicut
1570 2243 1672 2306 dictus
1687 2243 1860 2323 Episcopus
1879 2258 2091 2355 1·0issi‘'r¹'‹¹r⁵‹f0'{3f›¹i¹i³.⁰

1113 2337 1205 2399 nobis
1219 2337 1355 2399 subinde
1371 2337 1488 2415 exponi
1510 2337 1593 2409 lecit,
1610 2337 1678 2414 ipse
1694 2337 1858 2400 decretum

1115 2429 1310 2503 huiusmodi,
1334 2447 1398 2507 quo
1420 2430 1545 2492 firmius
1569 2431 1720 2492 subsistat
1742 2438 1859 2492 etser-

1114 2531 1208 2586 vetur
1231 2524 1382 2596 exactius,
1399 2523 1588 2602 apostolicae
1610 2524 1860 2588 confirmationis

1114 2626 1240 2680 nostrae
1263 2618 1438 2695 patrocinio
1463 2617 1657 2680 communiri
1683 2617 1859 2696 plurimum

1115 2713 1294 2774 desideret:
1329 2728 1402 2783 nos,
1431 2711 1601 2790 specialem
1627 2711 1686 2790 ipsi
1714 2712 1861 2790 episcopo

1115 2807 1247 2882 gratiam
1274 2805 1378 2868 lacere
1405 2805 1569 2877 volentes,
1593 2821 1734 2883 eumque
1755 2823 1771 2867 a
1793 2806 1861 2884 qui-

1114 2900 1221 2961 busvis
1250 2899 1609 2970 excommunicationis,
1643 2900 1861 2976 suspensionis

1114 3001 1146 3056 et
1160 2994 1334 3064 interdicti,
1351 2993 1483 3070 aliisque
1499 2993 1718 3056 ecclesiasticis
1732 3002 1861 3056 senten-

1115 3088 1176 3158 tiis,
1200 3088 1345 3150 censuris
1367 3095 1399 3149 et
1421 3089 1544 3165 poenis,
1561 3105 1577 3150 a
1592 3089 1663 3149 iure
1678 3087 1730 3149 vel
1752 3087 1790 3150 ab
1805 3087 1861 3149 ho·

1115 3181 1211 3252 mine,
1236 3181 1348 3258 quavis
1365 3181 1529 3243 occasione
1550 3181 1603 3243 vel
1619 3198 1720 3252 causa,
1738 3180 1818 3253 latis,
1835 3181 1861 3241 si

1114 3275 1230 3352 quibus
1245 3275 1489 3352 quomodolibet
1504 3275 1674 3337 innodatus
1690 3275 1807 3344 existit,
1824 3275 1859 3336 ad

1114 3371 1262 3432 ellectum
1300 3369 1514 3447 praesentium
1554 3369 1718 3430 dumtaxat
1752 3383 1861 3430 conse-

1113 3464 1291 3542 quendum,
1309 3463 1422 3524 harum
1439 3462 1523 3524 serie
1538 3461 1742 3524 absolventes
1764 3469 1796 3524 et
1810 3461 1861 3524 ab·

1112 3557 1254 3620 solutum
1277 3555 1346 3618 tore
1369 3561 1549 3628 censentes,
1576 3555 1860 3633 supplicationibus

1114 3651 1182 3714 eius
1211 3653 1343 3712 nomine
1365 3649 1455 3711 nobis
1484 3665 1582 3728 super
1604 3649 1664 3711 boc
1693 3649 1861 3712 humiliter

1114 3744 1270 3824 porrectis
1302 3743 1460 3816 inclinati,
1488 3745 1653 3805 decretum
1684 3743 1861 3820 praeinser-

1115 3845 1195 3910 tum,
1218 3837 1405 3900 anctoritate
1427 3835 1608 3914 apostolica,
1634 3844 1746 3898 tenore
1774 3851 1861 3914 prae-

1113 3933 1266 4002 sentium,
1290 3929 1502 4009 approbamus
1518 3937 1550 3992 et
1565 3929 1804 4000 confirmamus,
1826 3930 1862 3992 il·

1115 4027 1201 4104 lique
1216 4024 1410 4087 inviolabilis
1424 4023 1614 4101 apostolicae
1636 4023 1795 4085 firmitatis
1810 4039 1861 4084 ro-

1114 4120 1175 4183 bur
1207 4119 1388 4192 adiicimus3
1420 4117 1505 4180 salva
1533 4123 1637 4190 minen
1670 4133 1799 4195 semper
1828 4117 1860 4180 in

1115 4212 1296 4293 praemissis
1311 4211 1498 4274 auctoritate
1514 4217 1708 4274 memoratae
1720 4210 1861 4288 Congre-

1115 4307 1249 4384 gationis
1269 4304 1496 4368 cardinalium.

1154 4400 1223 4476 §3-
1247 4399 1484 4470 imminentes,
1518 4399 1644 4462 easdem
1677 4405 1862 4477 praesentes
1919 4419 2064 4462 varranum»

1116 4495 1237 4556 litteras
1258 4507 1386 4570 semper
1415 4491 1540 4563 firmas,
1563 4492 1682 4554 validas
1708 4499 1740 4554 et
1762 4491 1862 4554 effica-

1116 4605 1167 4650 ces
1190 4587 1330 4649 existere
1352 4592 1384 4648 et
1405 4584 1485 4657 lore,
1501 4601 1642 4663 suosque
1657 4587 1817 4664 plenarios
1832 4593 1863 4648 et

1116 4683 1259 4759 integros
1288 4680 1420 4742 effectus
1451 4680 1561 4742 sortiri
1589 4687 1622 4741 et
1647 4679 1805 4748 obtinere,
1828 4697 1862 4742 ac

1116 4775 1188 4846 illis,
1206 4777 1243 4837 ad
1259 4789 1338 4852 quos
1353 4780 1472 4852 spectat
1485 4779 1518 4835 et
1532 4789 1590 4852 pro
1603 4781 1749 4852 tempore
1764 4789 1862 4850 quan·

1116 4869 1297 4946 ducumque
1325 4867 1495 4944 spectabit,
1526 4867 1558 4928 in
1580 4867 1729 4928 omnibus
1751 4873 1784 4928 et
1806 4881 1862 4944 per

1116 4963 1222 5023 omnia
1245 4960 1430 5040 plenissime
1450 4959 1617 5037 suflragari
1640 4968 1673 5022 et
1692 4960 1792 5022 abeis
1814 4976 1862 5022 re·

1116 5057 1257 5134 spective
1284 5053 1514 5117 inviolabiliter
1548 5054 1729 5125 observari,
1753 5054 1863 5130 sicque

1116 5151 1148 5212 in
1171 5149 1352 5230 praemissis
1368 5165 1425 5227 per
1440 5163 1663 5226 quoscumque
1677 5147 1798 5210 iudices
1813 5164 1863 5210 or-

1116 5243 1255 5304 dinarios
1291 5251 1322 5306 et
1354 5241 1532 5319 delegatos,
1568 5241 1663 5302 etiam
1695 5255 1862 5303 causarum

1117 5337 1221 5414 palatii
1243 5335 1404 5415 apostolici
1427 5335 1601 5406 auditores,
1617 5335 1748 5397 iudicari
1764 5341 1796 5397 et
1810 5335 1862 5396 de·

1116 5431 1200 5492 liniri
1223 5431 1352 5502 debere,
1376 5446 1411 5492 ac
1432 5429 1560 5490 irritum
1583 5435 1615 5491 et
1636 5430 1740 5500 inane,
1767 5429 1793 5489 si
1815 5444 1863 5491 se-

1115 5541 1171 5586 cus
1192 5539 1290 5601 super
1312 5524 1361 5585 his
1383 5541 1398 5584 a
1421 5537 1594 5600 quoquam,
1625 5524 1736 5600 quavis
1758 5529 1863 5584 aucto·

1115 5617 1221 5688 ritate,
1245 5617 1384 5679 scienter
1406 5616 1458 5679 vel
1474 5617 1673 5694 ignoranter,
1691 5615 1863 5692 contigerit

1115 5711 1275 5772 attentari.
1308 5709 1378 5772 Nou
1401 5709 1598 5774 obstantibus
1629 5711 1862 5774 constitutioni-

351 5953 382 6008 (1)
398 5955 425 5996 ln
440 5953 523 5996 coust.
538 5951 601 5996 edit.
617 5963 762 6006 mncrxcvrr,
777 5953 819 5996 die
835 5963 910 5998 xxiii.
926 5953 1081 6006 decembris,
1096 5953 1187 6010 pontit.
1202 5965 1258 6008 vin,
1272 5955 1364 5998 extant
1379 5952 1457 6009 plura
1471 5952 1576 5997 decreta
1591 5963 1671 6008 super
1684 5950 1862 5996 celebratione

295 6018 462 6064 anismam.

388 6201 393 6214 ι
418 6144 475 6184 rur.
492 6145 566 6184 l’orrt.
584 6145 615 6184 rte
631 6143 710 6192 prop.
727 6143 789 6184 Fide
803 6140 890 6184 Partis
905 6143 922 6184 l.
939 6141 991 6184 voi.
1008 6143 1057 6184 t'll.

1732 6144 1756 6183 lo

1799 610 1837 674 tn
1894 610 1946 668 hu.
1960 613 1987 668 C.
2003 611 2070 667 1699
