4814 6998
544 693 664 756 mensis
694 706 800 754 annuo
827 691 954 756 redditu
985 704 1122 771 quatuor
1153 694 1291 758 millium

546 786 743 848 tbalerorum
762 794 910 849 monetae
926 787 1179 848 conventionalis
1195 787 1227 848 in
1242 805 1293 850 su-

546 880 789 958 pramemoratis
811 879 902 942 bonis
924 879 1084 956 gaudebit,
1111 879 1292 958 Capitulum

545 973 659 1034 eodem
686 991 721 1035 ac
741 972 977 1056 llildesimense
1006 973 1228 1051 capitularium
1262 982 1294 1036 et

544 1066 737 1128 vicariorum
770 1081 908 1128 numero
937 1066 1103 1138 constabit,
1137 1083 1294 1144 paresque

545 1161 689 1222 redditus
711 1161 807 1222 annui
824 1161 945 1223 eisdem
963 1161 1143 1238 respective
1158 1161 1294 1238 assigna·

545 1254 676 1326 buntur,
701 1271 847 1318 necnon
870 1254 1037 1334 episcopali
1063 1255 1236 1316 seminario
1259 1271 1294 1316 ea

544 1348 731 1410 reddituum
752 1365 856 1410 annua
878 1363 1003 1410 summa
1022 1348 1195 1418 tribuetur,
1212 1363 1294 1426 quae

545 1441 785 1504 necessitatibus
806 1449 838 1504 et
859 1442 987 1504 utilitati
1010 1441 1164 1504 dioecesis
1192 1441 1295 1504 valeat

544 1536 752 1614 respondere.

583 1631 603 1706 ἓ
626 1628 673 1691 lo
689 1629 846 1704 Quamdiu
861 1637 968 1692 autem
986 1625 1184 1707 episcopatus
1198 1628 1293 1693 Osna-

545 1723 716 1801 brugensis
738 1723 857 1786 dotatio
879 1738 1032 1802 suspensa
1055 1724 1207 1796 manebit,
1229 1725 1294 1802 epi-

545 1817 661 1895 scopali
683 1833 812 1880 mensae
835 1815 1060 1878 ilildesimensi
1082 1826 1292 1894 augmentum

546 1910 685 1973 bismille
714 1909 914 1973 tbalerorum
942 1911 1076 1972 ebonis
1106 1912 1293 1976 ecclesiasti-

545 2007 589 2070 cis
611 2008 643 2068 in
666 2007 829 2086 provincia
851 2003 1087 2082 osnabrugensi
1110 2007 1178 2068 sitis
1194 2009 1294 2086 perci-

545 2101 748 2180 piendorum,
762 2102 905 2177 itemque
920 2099 1039 2161 decano
1052 2097 1294 2162 ilildesimensis

546 2194 673 2272 capituli
706 2200 915 2270 augmentum
946 2197 1127 2253 tercentum
1156 2192 1294 2256 tbalero-

547 2303 619 2350 rum
641 2287 866 2365 assignabitur,
890 2287 927 2347 ab
950 2283 1024 2362 ipsis
1051 2286 1214 2347 annuatim
1245 2303 1294 2349 re-

544 2382 688 2459 spective
705 2381 997 2458 percipiendorum,
1016 2379 1212 2462 perdurante
1228 2389 1293 2443 tan-

479 2479 482 2486 '
545 2475 713 2537 tummodo
736 2474 894 2554 praedicta
909 2475 1078 2538 dotationis
1095 2479 1294 2554 episcopatus

545 2567 800 2645 osnabrugensis
828 2569 1049 2646 suspensione.

584 2663 603 2739 5
627 2663 674 2724 ll.
699 2662 803 2739 Atque
824 2662 957 2734 interea,
972 2679 1013 2725 ne
1029 2663 1183 2726 dioecesis
1200 2659 1294 2726 Osna-

545 2755 728 2832 brugensis,
751 2755 801 2818 cui
825 2755 864 2817 ob
887 2771 938 2817 eas
960 2760 1100 2818 rationes
1132 2757 1292 2834 designari

546 2851 578 2912 in
602 2865 751 2928 praesens
773 2849 915 2911 antistes
937 2850 1060 2927 nequit,
1078 2850 1224 2928 legitimo
1247 2869 1294 2914 ca-

545 2953 614 3008 reat
635 2944 683 3006 rei
705 2959 811 3006 sacrae
833 2944 1012 3020 regimine,
1037 2945 1236 3016 mandamus,
1261 2955 1295 3006 ut

545 3037 738 3100 venerabilis
754 3037 853 3099 trater
867 3037 999 3100 Carolus
1015 3039 1054 3100 de
1066 3037 1208 3111 Cruben,
1223 3039 1294 3117 Epi-

545 3147 661 3210 scopus
683 3131 827 3192 Parensis
859 3133 891 3193 in
923 3131 1067 3210 partibus
1099 3132 1292 3205 infidelium,

547 3227 757 3301 eiusdemque
779 3221 1033 3302 osnabrugensis
1056 3225 1208 3288 ecclesiae
1229 3227 1292 3288 sul·

545 3321 724 3397 traganeus,
738 3319 911 3382 dioecesim
923 3320 1034 3397 ipsam,
1046 3319 1147 3396 quoad
1161 3320 1290 3392 vixerit,

545 3414 728 3492 gubernare
751 3421 974 3491 prosequatur,
998 3427 1102 3489 eoque
1130 3413 1293 3486 deiuncto,

545 3506 784 3569 llildesimensis
798 3523 855 3584 pro
868 3515 1013 3584 tempore
1024 3505 1198 3584 Episcopus
1210 3507 1294 3568 dioe-

544 3601 641 3665 cesim
669 3615 799 3678 quoque
827 3599 1107 3676 osnabrugensem
1141 3599 1295 3662 facultati-

543 3697 602 3758 bus
624 3696 660 3758 ad
677 3695 707 3756 id
722 3695 760 3756 ab
776 3693 955 3773 Apostolica
971 3693 1053 3756 Sede
1069 3694 1210 3771 qualibet
1226 3694 1296 3756 vice

543 3791 604 3853 sibi
636 3789 800 3868 speciatim
836 3787 1020 3865 delegandis
1052 3787 1293 3861 administrare,

543 3898 705 3962 suumque
727 3883 882 3945 vicarium
905 3883 938 3948 in
959 3882 1178 3960 spiritualibus
1198 3899 1295 3959 gene·

543 3978 654 4050 ralem,
679 3976 734 4055 qui
762 3975 947 4038 incivitate
976 3972 1214 4053 Osnabrugensi
1246 3993 1297 4038 re·

544 4075 654 4144 sideat,
679 4071 793 4134 debeat
814 4071 1005 4134 adsciscere:
1031 4069 1085 4147 qul
1103 4069 1233 4147 quidem
1250 4072 1296 4132 vi-

546 4167 659 4239 carius,
683 4165 859 4228 dummodo
880 4179 957 4228 vere
980 4165 1096 4241 dignus
1112 4172 1144 4226 et
1159 4165 1295 4228 idoneus

544 4261 700 4324 iudicatus
716 4257 823 4332 luerit,
841 4275 856 4319 a
872 4257 1014 4322 llomano
1030 4257 1183 4320 Pontifice
1201 4259 1294 4321 titulo

545 4353 677 4416 alicuius
700 4352 887 4430 episcopalis
910 4351 1061 4414 ecclesiae
1088 4352 1120 4413 in
1151 4351 1293 4429 partibus

545 4447 737 4516 infidelium,
767 4445 901 4508 servatis
934 4445 1082 4506 omuibus
1115 4445 1291 4516 servandis,

544 4539 747 4604 decorabitur
769 4539 806 4601 ad
829 4539 899 4612 boc,
917 4546 952 4600 ut
974 4537 1164 4616 pontificalia
1180 4537 1212 4598 in
1229 4538 1295 4616 ipsa

542 4635 671 4698 civitate
687 4641 719 4695 et
733 4633 871 4696 dioecesi
886 4629 1121 4709 Osnabrugensi
1139 4648 1293 4696 exercere

543 4728 643 4808 possit
664 4735 696 4790 et
710 4727 823 4789 valeat.
845 4727 956 4790 Eidem
973 4726 1091 4789 idcirco
1105 4725 1225 4788 vicario
1241 4741 1294 4802 ge-

544 4823 645 4887 nerali
660 4821 900 4898 osnabrugensi
922 4837 981 4898 pro
1002 4835 1059 4882 sua
1081 4827 1113 4882 et
1134 4820 1294 4898 episcopa-

544 4918 583 4980 lis
615 4917 721 4981 curiae
755 4915 916 4977 dotatione
946 4929 1050 4975 arinua
1081 4913 1293 4992 persolvenda

545 5013 608 5075 erit
638 5027 763 5074 summa
795 5009 892 5071 trium
926 5007 1063 5070 millium
1094 5007 1292 5070 tbalerorum

547 5113 695 5168 monetae
717 5102 971 5168 conventionalis
992 5119 1008 5162 a
1030 5101 1223 5179 praelaudati
1246 5116 1292 5161 se·

546 5200 704 5261 renissimi
727 5198 812 5276 regis
834 5197 959 5260 liberali
982 5195 1200 5258 munificentia
1222 5209 1293 5272 pro-

545 5295 651 5366 missa,
684 5309 764 5370 quae
797 5292 828 5353 in
862 5291 961 5370 ipsius
989 5289 1097 5354 vicarii
1131 5288 1291 5366 generalis

545 5403 720 5464 congruam
737 5395 769 5449 et
782 5385 815 5447 in
831 5399 968 5447 annuam
984 5383 1145 5446 laboribus
1162 5397 1294 5460 respon·

545 5481 676 5543 dentem
700 5478 885 5542 mercedem
912 5477 1215 5548 ecclesiasticorum,
1240 5475 1293 5551 qui

547 5589 638 5637 suam
661 5573 765 5636 eidem
788 5573 821 5634 in
843 5589 879 5632 ea
907 5570 1133 5648 procuratione
1163 5583 1293 5646 operam

547 5665 808 5738 commodabunt,
831 5664 893 5727 erit
914 5663 1138 5742 impendenda.

585 5764 604 5836 ἓ
628 5762 675 5823 la.
699 5760 806 5824 Donec
827 5765 934 5820 autem
956 5758 1124 5836 proprium
1138 5755 1295 5818 Osnabru-

548 5871 647 5931 gense
660 5852 876 5917 Seminarium
893 5851 975 5928 erigi
991 5850 1142 5929 potuerit,
1162 5850 1295 5912 buiusce

549 5948 703 6010 dioecesis
725 5946 833 6010 clerici
855 5945 984 6008 alentur
1003 5953 1099 6021 atqne
1114 5943 1294 6006 educabun-

1069 567 1260 620 denotatos
1281 569 1339 620 SEU
1361 571 1574 622 conconbamt

1351 695 1457 785 turin
1479 697 1649 775 episcopali
1671 699 1844 760 seminario
1860 695 2096 772 Hildesimensi,

1349 791 1398 852 cui
1425 799 1591 870 propterea
1621 791 1702 853 bona
1734 809 1768 854 ac
1797 791 1952 862 redditus,
1984 792 2099 868 quibus

1350 891 1420 946 actu
1434 884 1560 960 gaudet,
1574 885 1700 962 integre
1712 885 1999 948 conservabuntur:
2015 887 2099 964 quod

1349 977 1434 1038 idem
1457 977 1576 1039 dictum
1598 977 1750 1040 volumus
1773 979 1812 1040 de
1836 979 1926 1040 bonis
1947 996 1981 1040 ac
1997 979 2100 1040 reddi-

1352 1068 1434 1130 tibus
1456 1070 1489 1131 in
1512 1070 1681 1132 tuitionem
1705 1072 1831 1134 aedium
1846 1086 2019 1142 sacrarum,
2038 1080 2099 1134 tam

1351 1161 1604 1235 llildesimeusis,
1618 1179 1713 1241 quam
1726 1162 1993 1242 osnabrugensis,
2006 1172 2100 1242 atque

1350 1257 1381 1316 in
1404 1265 1552 1334 sumptus
1574 1257 1673 1318 divini
1696 1257 1801 1320 cultus
1822 1275 1856 1320 ac
1877 1258 2098 1320 ministrorum

1351 1350 1533 1411 mercedem
1555 1350 1737 1428 adsignatis.

1389 1445 1407 1518 ἓ
1431 1443 1478 1506 tt.
1492 1443 1764 1522 Quotiescumque
1776 1460 1856 1508 vero
1871 1445 1975 1522 aliqua
1991 1462 2031 1508 eu
2049 1462 2101 1507 su-

1351 1538 1500 1616 pradictis
1516 1537 1645 1600 sedibus
1662 1539 1904 1618 episcopalibus,
1921 1547 1983 1603 tam
1996 1539 2101 1603 Hilde-

1351 1631 1495 1702 simensi,
1529 1647 1624 1708 quam
1653 1629 1904 1710 osnabrugensi,
1931 1648 2012 1711 quac
2036 1649 2099 1695 am-

1352 1724 1409 1787 bae
1432 1725 1596 1803 perpetuis
1618 1724 1736 1787 tuturis
1759 1727 1958 1805 temporibus
1989 1729 2102 1790 imme-

1351 1819 1435 1880 diate
1449 1817 1610 1881 subiectae
1626 1827 1722 1881 erunt
1734 1820 1934 1898 spostolicae
1950 1819 2035 1891 Sodi,
2049 1836 2101 1882 va-

1351 1914 1480 1984 caverit,
1498 1911 1584 1974 illius
1601 1912 1791 1976 cathedralis
1808 1914 1961 1976 ecclesiae
1977 1914 2103 1993 Capitu-

1353 2006 1420 2068 lum
1442 2007 1525 2067 intra
1548 2021 1693 2070 mensem
1715 2023 1732 2068 a
1753 2007 1805 2070 die
1827 2008 1999 2070 vacationis
2017 2024 2104 2070 com·

1352 2101 1529 2178 putandum
1553 2101 1659 2178 regios
1683 2101 1847 2162 ministros
1862 2102 2016 2164 certiores
2033 2103 2102 2164 lleri

1351 2195 1474 2257 curabit
1485 2195 1524 2255 de
1537 2193 1721 2256 nominibus
1732 2195 1972 2257 candidatorum
1984 2213 1999 2256 a
2015 2197 2104 2260 clero

1352 2288 1446 2350 totius
1469 2287 1560 2364 regni
1594 2286 1805 2356 selectorum.
1839 2303 1978 2366 quorum
2004 2306 2104 2352 unus-

1351 2380 1487 2458 quisque
1510 2380 1712 2457 trigesimum
1740 2397 1816 2442 suae
1841 2383 1950 2443 aetatis
1982 2398 2102 2445 annum

1350 2475 1388 2537 ad
1410 2474 1581 2536 minimum
1611 2473 1824 2552 compleverit
1854 2481 1887 2536 et
1915 2475 2104 2552 indigenatu

1351 2569 1513 2646 praeditus
1534 2569 1586 2640 sit,
1611 2569 1714 2632 studia
1736 2568 1768 2628 in
1792 2568 1952 2646 theologia
1980 2575 2013 2630 et
2032 2571 2105 2631 iure

1351 2663 1502 2724 canonico
1514 2677 1586 2723 cum
1604 2661 1696 2724 laude
1712 2661 1897 2734 absolverit,
1913 2678 2023 2725 curam
2038 2664 2105 2725 ani·

1353 2772 1477 2818 marum
1509 2764 1562 2817 aut
1589 2771 1707 2817 munus
1735 2755 1924 2834 prolessoris
1946 2757 1978 2819 in
2009 2759 2105 2820 semi-

1351 2851 1448 2912 nariis
1470 2854 1604 2927 egregie
1626 2851 1819 2922 exercuerit,
1837 2860 1890 2912 aut
1911 2851 1943 2912 in
1971 2851 2105 2912 admini-

1350 2943 1486 3005 strandis
1510 2943 1647 3020 negotiis
1664 2942 1883 3005 ecclesiasticis
1900 2944 2103 3016 excelluerit,

1352 3037 1470 3116 optima
1495 3036 1576 3098 lama
1609 3037 1761 3113 gaudeat,
1791 3054 1865 3098 sana
1896 3037 2040 3100 doctrina
2074 3047 2106 3101 et

1351 3131 1488 3208 integris
1511 3132 1552 3192 sit
1573 3129 1728 3192 moribus.
1753 3129 1793 3192 tt
1814 3131 1840 3191 si
1874 3131 1957 3193 lorte
1989 3132 2106 3209 aliquis

1352 3239 1391 3287 ea
1421 3223 1592 3286 candidatis
1623 3223 1699 3300 ipsis
1734 3223 1894 3300 gubernio
1924 3225 1964 3286 sit
1996 3225 2106 3288 minus

1352 3327 1472 3396 gratus,
1490 3316 1673 3396 Capitulum
1695 3333 1712 3378 e
1733 3317 1874 3394 catalogo
1890 3333 1965 3380 eum
1981 3334 2107 3396 expun-

1352 3421 1417 3491 get,
1452 3413 1576 3489 reliquo
1610 3417 1717 3474 tamen
1751 3421 1901 3474 manente
1933 3412 2106 3476 sufficienti

1353 3507 1592 3569 candidatorum
1610 3520 1758 3578 numero,
1776 3521 1815 3568 ea
1833 3521 1896 3582 quo
1913 3521 2017 3568 novus
2034 3507 2107 3586 Epi-

1351 3616 1465 3678 scopus
1489 3599 1564 3676 eligi
1580 3599 1693 3662 valeat.
1718 3599 1806 3662 Tunc
1827 3614 1906 3661 vero
1921 3599 2105 3678 Capitulum

1352 3695 1388 3756 ad
1412 3695 1595 3756 canonicam
1623 3693 1817 3754 electionem
1846 3693 1879 3754 in
1910 3694 2106 3772 Episcopum

1353 3788 1448 3850 unius
1465 3803 1505 3849 cx
1522 3785 1704 3857 candidatis,
1723 3787 1777 3864 qui
1794 3794 2003 3865 supererunt,
2017 3787 2108 3849 iuxta

1353 3887 1520 3943 consuetas
1543 3879 1661 3942 lormas
1685 3882 1847 3958 procedet,
1874 3898 1909 3943 ac
1930 3881 2106 3943 documen-

1354 3983 1421 4038 tum
1444 3975 1609 4037 electionis
1631 3975 1664 4036 in
1687 3974 1789 4036 lorma
1811 3975 1991 4038 authentica
2020 3974 2107 4036 intra

1355 4085 1499 4132 mensem
1522 4068 1558 4130 ad
1575 4066 1746 4130 Summum
1763 4069 1949 4131 Pontificem
1967 4067 2108 4147 perlerri

1352 4163 1486 4225 curabit.

1392 4259 1410 4331 ἓ
1435 4257 1481 4318 lt.
1506 4256 1670 4320 Conlectio
1692 4265 1799 4320 autem
1819 4273 1987 4334 processus
2006 4257 2108 4320 lnior-

1354 4352 1463 4412 mativi
1479 4367 1577 4429 super
1589 4351 1793 4428 qualitatibus
1806 4352 2105 4428 promovendorum

1353 4447 1389 4507 ad
1414 4445 1561 4521 regimen
1584 4443 1812 4523 episcopalium
1828 4445 2037 4507 ecclesiarum
2053 4461 2105 4507 re-

1354 4539 1406 4615 gni
1431 4537 1679 4608 Hannoveriani,
1704 4536 1754 4598 vel
1784 4537 1940 4616 Episcopo
1972 4537 2107 4600 alterius

1352 4632 1436 4694 sedis
1459 4648 1524 4693 non
1546 4631 1684 4693 vacantis
1706 4630 1758 4692 vel
1781 4631 1994 4694 ecclesiastico
2016 4631 2105 4693 illius

1353 4726 1445 4803 regni
1467 4725 1539 4787 viro
1564 4725 1773 4800 indignitate
1805 4725 2015 4787 constitutoa
2044 4725 2106 4788 llo·

1354 4835 1447 4881 mano
1469 4819 1621 4882 Pontillce
1647 4819 1882 4890 committetur,
1913 4825 1945 4880 et
1972 4819 2009 4881 ad
2042 4819 2107 4882 lor-

1353 4929 1437 4974 mam
1458 4911 1679 4974 instructionis
1706 4911 1744 4972 ab
1766 4911 1944 4989 Apostolica
1967 4911 2050 4976 Sede
2073 4915 2106 4974 in

1351 5004 1489 5082 singulis
1501 5005 1621 5066 casibus
1634 5004 1896 5066 transmittendae
1909 5005 2103 5067 exarabitur:

1353 5114 1416 5177 quo
1439 5105 1567 5176 accepto
1590 5096 1741 5159 Summus
1758 5095 1915 5168 Pontifex,
1933 5097 1959 5158 si
1976 5113 2105 5176 compe-

1353 5193 1434 5255 rerit
1457 5191 1714 5272 promovendum
1745 5192 1939 5252 instructum
1963 5192 2001 5252 iis
2023 5193 2104 5255 doti-

1353 5285 1423 5358 bus,
1447 5301 1524 5363 quas
1545 5284 1624 5347 sacri
1647 5299 1785 5347 canones
1807 5285 1839 5344 in
1865 5283 2022 5363 Episcopo
2051 5302 2102 5348 re-

1353 5381 1498 5456 quirunt,
1523 5395 1610 5451 eum,
1634 5378 1793 5455 quocitius
1815 5379 1885 5440 lieri
1909 5380 2037 5458 poterit,
2058 5380 2105 5442 iu-

1353 5483 1405 5538 xta
1419 5482 1550 5538 statutas
1566 5474 1685 5536 lorrnas
1703 5490 1758 5552 per
1772 5473 1960 5552 apostolicas
1983 5473 2106 5536 litteras

1353 5568 1565 5633 confirmabit.

1394 5665 1412 5740 5
1436 5663 1483 5724 to.
1509 5661 1541 5724 Si
1564 5677 1643 5724 vero
1659 5669 1713 5724 aut
1728 5661 1842 5724 electio
1859 5663 1991 5724 minime
2007 5661 2108 5723 luerit

1355 5757 1506 5819 canonice
1529 5761 1666 5833 peracta,
1690 5763 1744 5815 aut
1759 5755 1999 5832 promovendus
2016 5769 2106 5832 prae-

1354 5852 1446 5912 dictis
1469 5849 1597 5912 dotibus
1619 5852 1794 5910 instructus
1816 5863 1880 5909 non
1911 5849 2105 5926 reperiatur,
2141 5881 2143 5886 ,

1359 5959 1398 6005 eu
1420 5942 1547 6021 speciali
1571 5941 1670 6020 gratia
1692 5940 1911 6017 indulgemus,
1942 5941 2025 6017 quod
2057 5957 2106 6002 ca-
