4814 6992
293 527 344 605 bn.
358 527 386 584 b.
402 525 469 581 1651
524 523 563 588 30

288 663 434 708 carnariis
446 663 486 708 de·
546 661 622 735 53.
646 659 716 722 Non
749 659 948 722 obstantibus
980 659 1079 721 ieliois
1107 659 1253 722 recorda·
1308 659 1442 722 trarinrn
1459 659 1706 739 praemissorum
1726 641 1970 735 quomodolibet
1984 673 2057 718 eon-

274 719 359 774 rogat.

508 753 601 816 tionis
623 753 773 816 Boniiacii
798 753 898 831 Papae
924 752 1002 814 vili.
1030 753 1252 830 praedecesso-

506 845 550 906 ris
572 846 673 908 nostri
696 847 735 908 de
757 861 830 919 una,
847 853 880 908 et
898 845 1023 908 oonoiiii
1039 845 1198 922 generalis
1213 846 1252 908 de

507 939 628 1002 duabus
660 939 763 1012 dietis,
788 939 922 1016 aliisque
949 938 1141 1017 apostolicis,
1165 955 1199 1001 ao
1220 939 1253 1001 in

506 1033 647 1098 oonoiiiis
678 1032 928 1106 universalibus,
952 1032 1200 1111 provincialibus
1223 1040 1255 1096 et

506 1125 712 1204 synodalibus
733 1125 836 1198 editis,
854 1127 1057 1204 generalibus
1073 1125 1124 1189 vei
1138 1126 1255 1206 specia-

508 1219 591 1282 libus
620 1219 903 1282 constitutionibus
931 1227 964 1283 et
988 1221 1253 1294 ordinationibus,

508 1329 542 1375 ae
557 1312 709 1375 ecelesiae
725 1313 931 1388 senonensis,
946 1321 978 1377 et
991 1314 1158 1392 quibusvis
1173 1315 1253 1388 aliis,

509 1406 604 1468 etiam
633 1407 830 1480 iuramento,
860 1409 1104 1473 confirmatione
1132 1415 1256 1487 aposto-

509 1500 578 1572 liea,
591 1501 643 1564 vei
656 1502 767 1579 quavis
783 1502 933 1564 firmiteta
944 1503 1002 1564 alia
1014 1503 1183 1578 roboratis,
1197 1509 1255 1565 sta·

511 1593 586 1655 tutis
608 1601 640 1656 et
661 1596 957 1668 consuetudinibus,
979 1597 1156 1675 privilegiis
1178 1612 1256 1674 quo·

509 1705 583 1766 qua,
608 1688 740 1752 indultis
763 1695 795 1751 ot
812 1689 926 1752 litteris
940 1691 1120 1768 apostolicis
1136 1691 1168 1753 in
1183 1707 1257 1754 oon-

1025 541 1090 586 11111.
1114 541 1206 586 bonu.
1230 541 1270 586 bu
1292 543 1322 587 1³.
1347 543 1376 588 F.
1400 542 1484 587 PARS
1505 543 1527 588 i.

1309 755 1415 825 cessis,
1446 753 1641 817 confirmatis
1670 760 1703 816 et
1731 752 1910 826 innovatis3
1941 750 2058 827 quibus

1310 847 1459 909 omnibus
1475 854 1506 909 et
1520 847 1668 924 singuiis,
1682 845 1819 908 iliorum
1828 851 1957 908 tenores
1971 859 2059 922 prae·

1309 939 1453 1002 sentibus
1476 956 1533 1019 pro
1557 941 1651 1019 piene
1670 946 1702 1002 et
1716 939 1914 1002 sutileienter
1930 953 2059 1016 expres·

1309 1035 1352 1096 sis
1375 1040 1407 1097 et
1428 1035 1558 1098 insertis
1581 1034 1746 1106 babentes,
1770 1032 1833 1094 iilis
1855 1032 1929 1094 alias
1952 1033 1986 1093 in
2001 1047 2060 1094 suo

1310 1127 1427 1190 robore
1447 1127 1677 1207 permansuris,
1695 1127 1730 1192 ad
1748 1127 1999 1206 praemissorum
2016 1127 2060 1188 ei-

1310 1221 1441 1296 ieetum,
1465 1222 1522 1284 bae
1543 1223 1614 1284 vioe
1636 1223 1811 1294 dumtaxat,
1828 1220 2009 1299 specialiter
2028 1227 2060 1283 et

1311 1331 1461 1394 expresse
1490 1315 1701 1392 derogamus;
1731 1314 1911 1392 ceterisque
1937 1321 2059 1376 eontra-

1311 1409 1366 1471 riis
1389 1409 1656 1488 quibuscumque.

1352 1503 1464 1566 [iatum
1486 1503 1615 1573 Romae,
1646 1502 1727 1580 apud
1759 1500 1789 1564 S.
1815 1501 1943 1564 Mariam
1966 1501 2058 1564 Maio-

1311 1612 1393 1668 rem,
1417 1595 1477 1657 sub
1498 1595 1618 1658 annulo
1633 1595 1810 1668 Piscatoris,
1829 1595 1879 1656 die
1896 1611 1959 1656 avr.
1978 1611 2060 1655 mar·-

1313 1691 1345 1752 tii
1369 1707 1512 1761 ubcnrv„
1536 1689 1738 1768 pontificatus
1761 1689 1862 1752 nostri
1883 1704 1967 1751 anuo
1990 1705 2021 1750 x.

2095 519 2148 578 Au.
2161 521 2189 577 G.
2204 513 2304 576 1654
