4836 7002
317 571 370 628 An·
383 571 410 628 d.
426 571 496 627 1828
550 572 610 636 tut
1051 589 1117 634 ron.
1141 589 1234 635 nour.
1257 591 1298 636 nn
1320 590 1350 636 a.
1374 589 1404 636 r.
1428 589 1512 636 anns
1533 591 1555 636 1.
2126 571 2176 628 tin.
2190 573 2218 628 d.
2234 570 2318 628 tete.

532 712 563 768 te
584 705 722 768 caritatis
745 711 873 767 nostrae
893 705 958 768 vim
976 711 1009 768 et
1024 707 1279 784 magnitudinem
1337 713 1551 768 memoratum
1574 705 1757 771 institutum
1774 705 1941 784 percipere
1959 704 2088 784 incipiat

459 852 460 855 ,
531 799 626 862 nosti.
651 799 732 861 Dum
755 814 834 860 vero
857 799 1011 862 maximas
1033 801 1073 862 de
1095 801 1279 862 huiusmodi
1336 799 1374 862 ab
1396 816 1434 862 eo
1458 807 1620 878 tempore,
1649 815 1714 877 qno
1743 799 1877 878 piissimi
1907 800 2014 878 operis
2040 817 2087 861 ca·

531 891 750 954 munificentia
772 893 888 968 gratias
911 893 967 954 tibi
990 894 1221 972 persolvimus,
1245 893 1280 955 il·
1337 901 1426 971 ptum
1450 911 1466 955 a
1489 902 1519 956 te
1541 893 1711 957 consilium
1734 894 1826 956 nobis
1848 895 1990 972 primum
2006 909 2088 954 nun-

532 988 585 1050 lud
609 987 704 1048 etiam
734 986 854 1063 cogites
885 998 918 1048 et
950 1003 1136 1064 persuasum
1168 989 1281 1050 habeas
1336 987 1435 1049 ciasti.
1459 987 1586 1050 Utinam
1616 994 1648 1051 et
1669 987 1721 1050 alii
1749 987 1895 1051 catholici
1927 987 2089 1066 principes

532 1089 688 1160 optamus,
714 1081 1004 1144 remotissimarum
1032 1083 1203 1158 regionum
1233 1099 1280 1144 ca·
1337 1080 1519 1158 ingentium
1542 1081 1877 1158 damnorumquibus
1899 1081 2087 1144 ecclesiasti-

532 1175 677 1246 tbolicos‚
694 1175 730 1236 ad
747 1189 886 1252 quorum
903 1175 1097 1252 religionem
1110 1175 1280 1238 fovendam
1308 1242 1310 1259 Ι
1337 1192 1391 1238 cae
1412 1191 1464 1236 res
1486 1175 1602 1237 iniuria
1634 1183 1817 1254 temporum
1846 1175 1977 1236 afflictae
1999 1181 2086 1246 sunt,

461 1258 465 1264 “
532 1277 563 1330 et
584 1268 837 1345 amplificandam
860 1269 991 1330 celiniae
1014 1287 1030 1330 a
1052 1276 1083 1331 te
1105 1284 1181 1346 opes
1210 1285 1281 1330 ero·
1338 1283 1512 1342 memores,
1535 1268 1572 1330 ad
1602 1268 1655 1330 illa
1683 1284 1741 1347 pro
1771 1269 1895 1330 viribus
1923 1267 2087 1330 sarcienda

532 1362 710 1440 genantur,
742 1378 895 1440 cumpro
924 1365 991 1424 suis
1023 1361 1280 1426 benefactoribus
1338 1369 1392 1423 tuo
1415 1360 1587 1438 exemplo,
1612 1367 1648 1422 ut
1678 1377 1867 1440 speramus,
1891 1361 2084 1423 excitentur.

531 1455 678 1528 orabunt,
703 1473 761 1534 pro
783 1463 815 1518 te
837 1472 967 1534 quoque
989 1456 1130 1518 divinam
1152 1457 1281 1536 posthac
1338 1455 1486 1532 Magnum
1510 1456 1674 1518 donationi
1705 1465 1778 1518 tuae
1806 1456 1931 1534 pondus
1960 1471 2088 1532 magna·

531 1551 704 1612 bonitatem
728 1549 967 1627 imploraturos.
984 1549 1092 1628 ltaque
1108 1551 1141 1612 in
1157 1551 1220 1613 oris
1237 1557 1281 1613 et·
1337 1566 1399 1628 que
1422 1549 1545 1612 nomini
1568 1557 1623 1614 tuo
1645 1550 1713 1612 laus
1735 1549 1810 1612 inde
1832 1550 2085 1628 adiungeretur,

531 1645 590 1706 iam
616 1653 774 1706 terrarum
797 1643 919 1707 ultimis
934 1651 1040 1718 erunt,
1059 1647 1112 1723 qui
1128 1662 1187 1724 pro
1203 1651 1282 1708 tem·
1336 1644 1543 1706 dilectissime
1564 1643 1597 1705 in
1619 1643 1746 1706 Gbristo
1768 1642 1813 1704 fili
1829 1651 1950 1715 noster,
1968 1641 2018 1704 cui
2035 1642 2088 1703 be·

531 1739 631 1818 porali
646 1748 840 1815 aeternaque
854 1739 956 1802 salute
972 1747 1024 1802 tua
1038 1757 1111 1802 suas
1126 1741 1162 1802 ad
1179 1739 1280 1803 Deum
1337 1737 1553 1803 nedictionem
1585 1737 1789 1816 apostolicam
1823 1753 1895 1799 cum
1928 1735 2086 1814 imperiali

532 1849 642 1912 preces
669 1833 843 1896 effundant.
875 1833 981 1896 Unum
1004 1833 1065 1896 boc
1090 1842 1139 1896 est
1160 1851 1177 1896 e
1199 1835 1281 1897 salu·
1337 1831 1454 1894 familia
1476 1831 1627 1893 universa
1659 1829 1957 1893 communicandam
1981 1844 2087 1890 aman-

531 1929 681 1990 berrimis
712 1929 958 2000 emolumentis,
982 1944 1063 2006 quae
1090 1937 1142 1991 tua
1169 1945 1281 1992 recens
1336 1925 1459 1988 tissime
1480 1925 1698 2002 impertimur.

532 2023 659 2086 donatio
682 2022 1281 2100 tibicompararimquam‚utplenio-
1376 2019 1489 2082 Datum
1512 2019 1642 2091 Romae,
1665 2019 1746 2097 apud
1777 2016 1809 2080 S.
1838 2017 1966 2078 llariam
1994 2016 2087 2079 biaio·

532 2133 600 2179 rem
624 2116 777 2178 redderes
792 2123 825 2177 et
839 2115 1104 2194 praestantiorem
1124 2116 1279 2188 efficeres,
1337 2129 1418 2186 rem,
1435 2113 1494 2175 sub
1516 2113 1636 2175 annulo
1652 2111 1830 2182 Piscatoris‚
1848 2111 1898 2172 die
1921 2125 2021 2172 xxvn.
2045 2109 2087 2172 ia-

530 2209 724 2272 constituisti
739 2217 775 2271 ut
789 2209 935 2272 eiusdem
948 2209 1127 2272 donationis
1139 2209 1280 2271 fructum
1335 2207 1437 2270 nuarii
1462 2223 1699 2280 uncocxnvnr„
1724 2203 1835 2284 pontii.
1856 2204 1957 2266 nostri
1973 2221 2024 2266 an.
2041 2219 2084 2266 vr.
