1406 1910
140 210 229 225 Ast-CAN

551 215 639 227 Ghmflssl!
650 215 675 227 PP-
687 215 721 227 XV!-

246 246 273 260 tur
279 244 327 260 buius
335 244 403 264 regulis.
410 244 493 264 Siquidem
499 244 519 260 de
525 244 622 260 monialibus

246 271 275 283 eae
281 268 347 287 regulae
355 272 387 283 non
395 267 490 287 loquuntur.
499 272 529 283 nec
536 267 580 287 loqui
589 270 622 288 pot-

246 293 300 310 erant.
312 292 372 312 quippe
383 292 447 308 illarum
459 296 491 308 nou
502 292 577 308 extabant
587 292 623 308 istic

247 316 350 331 monasteria:
359 315 459 335 regularium
469 318 523 331 autem
534 316 623 335 exemptio-

247 342 285 354 nem
292 343 369 358 expresse
377 339 469 358 admittunt.
476 339 526 355 immo
534 341 549 355 et
557 339 623 355 inviola-

247 364 279 378 tam
284 362 346 378 servari
352 362 452 382 praecipiunt
457 362 474 378 in
480 362 499 378 iis
504 366 545 382 quae
551 363 569 378 ad
575 366 623 382 regu-

246 385 298 401 larum
307 387 323 402 et
328 386 462 402 constitutionum
468 385 531 402 Ordinis
537 386 622 406 respectivi

247 411 320 429 spectant
330 409 449 425 observantiam
462 414 480 425 ac
490 410 596 429 disciplinam.
607 411 624 425 et

247 432 301 448 solum
313 437 333 448 ue
344 435 429 448 nascantur
437 437 474 448 cum
482 433 548 449 Vicariis
556 433 624 453 Aposto-

247 456 282 472 licis
293 456 384 472 collisiones
396 458 412 472 et
419 456 471 476 iurgia
479 456 561 476 aptissime
569 456 624 472 mode-

247 481 304 496 rantur
314 480 331 495 in
342 480 367 498 iis.
379 484 420 499 quae
430 480 496 500 proprie
503 480 592 500 respiciunt
603 480 624 496 la-

247 503 314 519 cultates
325 505 342 519 et
352 503 452 519 missionum
464 507 536 519 munera.
551 503 624 523 Denique

247 526 265 542 ad
277 526 343 543 Iesuilas
354 527 397 546 quod
408 527 471 545 attinet,
482 527 511 546 ipsi
526 527 569 542 inter
579 531 624 547 prae-

247 550 302 569 cipuos
313 550 397 569 regulares
408 550 475 570 Angliae
488 550 597 566 missiouarios
607 550 624 566 in

247 573 294 589 dictis
304 573 365 593 regulis
373 575 485 589 recensemur.
494 573 541 589 Nulla
549 577 589 593 ergo
596 573 624 589 Or-

247 596 289 612 dinis
297 597 392 612 missionum
401 597 417 612 iu
426 597 483 616 Auglia
491 597 546 612 statuti
553 597 592 612 {acta
600 599 625 612 est

247 620 344 638 immutatio.
356 620 426 640 ideoque
437 624 467 636 nec
477 620 564 640 quidquam
572 621 624 636 detra-

248 646 291 659 ctum
307 644 397 663 apostolicis
412 644 435 659 Pii
446 643 478 659 vll.
495 644 559 659 litteris.
571 643 625 659 Restat

248 669 266 683 ut
276 667 296 683 de
307 667 382 687 precibus
393 671 432 687 quas
443 667 489 683 nobis
501 667 587 687 porrigunt
598 667 624 683 Vi-

248 691 285 707 carii
292 690 385 711 Apostolici,
392 695 441 710 pauca
447 691 523 707 dicamus.
530 691 589 706 Petunt
594 691 624 710 ipsi

248 716 266 731 ut
279 716 367 730 serventur
382 716 441 730 statuta
456 714 538 730 Benedicti
553 714 593 730 le.
608 717 625 731 et

248 738 271 754 Pii
282 738 315 754 Vll.
329 737 378 753 simul
390 739 407 753 et
417 742 475 753 eorum
489 738 529 753 iura.
544 738 624 757 Quorsum

248 761 278 777 bae
289 763 361 781 spectant
372 762 439 781 precest
449 761 466 777 Si
476 763 537 777 attento
548 765 591 777 novo
600 765 624 777 rs-

247 788 285 800 rum
296 786 338 801 statu
349 785 447 804 attentisque
461 785 507 800 novis
522 786 538 800 et
552 785 624 804 urgenti-

248 808 278 823 bus
285 808 352 826 casibus.
361 808 421 827 aliquid
431 810 484 824 actum
491 810 516 824 est
523 810 592 828 praeter.
601 808 624 824 ni-

248 831 271 847 hil
279 832 334 847 tamen
340 833 364 847 est
369 833 423 847 actum
430 833 486 847 eontra
494 831 574 847 Benedicti
582 831 623 847 XIV.

248 856 314 870 statuta:
327 855 366 874 quin
377 854 425 871 etiam
437 855 453 870 in
464 855 529 871 decreto
540 855 575 874 ipso
582 859 590 870 a
598 854 624 870 Vi-

248 878 294 894 cariis
305 880 396 894 memorato
406 878 443 894 anui
455 882 556 894 uocccxvni.
568 878 624 894 eadem

248 901 356 921 Congregatio
366 901 409 917 salva
416 906 452 917 esse
460 905 478 917 ea
485 902 539 917 omnia
547 905 624 921 expresse

248 925 301 940 voluit
308 926 325 940 et
331 925 387 940 edixit.
396 924 458 940 Verum
465 925 479 940 si
486 925 584 944 investigare
591 925 624 940 vel-

248 948 301 964 lemus
312 952 344 968 uuo
356 948 449 968 praecipuae
459 948 526 964 tendant
533 948 581 964 huius
589 952 624 968 pre-

248 976 274 988 ces
282 974 299 987 et
306 971 406 987 Vicariorum
414 973 456 990 vota.
463 976 496 987 non
502 973 564 987 temere
571 971 624 987 lorsan

248 996 284 1015 quis
291 995 378 1011 coniiceret
385 999 404 1011 ea
413 995 480 1011 tendere
487 995 506 1011 ad
515 995 624 1016 excludendos

248 1019 324 1039 paulatim
331 1023 339 1034 a
345 1018 449 1034 missionibus
456 1018 545 1038 regulares.
553 1022 625 1038 praeser-

248 1042 277 1058 tim
288 1042 376 1058 nationales
387 1041 455 1061 Anglos,
465 1044 549 1061 propterea
557 1042 600 1061 quod
608 1042 624 1057 in

247 1065 383 1081 calamitosissima
389 1069 446 1081 rerum
452 1065 551 1085 politicarum
558 1065 625 1081 subver-

247 1089 293 1104 sione
301 1089 391 1104 emiserunt
396 1089 466 1108 propria,
473 1089 536 1108 quaein
543 1088 625 1104 catholicis

248 1112 342 1131 regionibus
350 1112 435 1130 habehant.
441 1112 523 1128 coenobia.
531 1112 563 1128 l-loe
571 1114 624 1128 autem

248 1138 291 1152 esset
301 1136 403 1151 afflictionem
414 1135 473 1151 addere
485 1136 546 1151 afflictis
557 1137 574 1151 et
584 1135 624 1151 facto

248 1159 331 1179 complere
345 1159 362 1175 iu
376 1159 434 1179 Anglia
448 1159 491 1179 quod
505 1159 546 1179 apud
561 1161 624 1175 exteras

248 1182 320 1198 nationes
331 1183 348 1198 in
359 1183 414 1198 odium
429 1182 470 1202 passi
483 1184 521 1198 sunt
534 1182 623 1202 religionis.

248 1205 281 1221 Nec
291 1208 316 1221 est
327 1206 370 1225 quod
381 1206 438 1222 dolere
449 1206 510 1225 possint
517 1205 576 1221 Vicarii
584 1205 625 1226 Apo-

248 1229 306 1247 stolici,
317 1233 334 1245 se
345 1233 377 1245 non
389 1233 424 1245 esse
434 1229 501 1248 auditos.
510 1229 572 1245 utinde
580 1229 625 1245 nobis

249 1253 324 1269 obiiciant
329 1253 352 1268 Pii
359 1252 392 1269 Vll.
401 1253 535 1271 deelaratioueru3
542 1257 574 1268 non
580 1253 624 1268 enirn

248 1276 302 1296 agitur
312 1276 333 1292 ds
343 1276 429 1292 immutato
440 1276 466 1292 vel
478 1276 578 1292 immutando
588 1276 625 1291 mis-

248 1300 312 1315 sionum
321 1300 383 1317 ordine.
392 1301 408 1315 et
415 1300 444 1319 ipsi
453 1303 493 1319 quae
499 1301 532 1315 acta
539 1301 577 1315 sunt
583 1300 624 1315 hand

248 1323 344 1342 ignorabant
354 1325 440 1342 antequam
452 1323 516 1341 flerent.
531 1323 591 1343 quippe
602 1323 625 1338 eis

249 1347 360 1367 praenuntiata
373 1347 403 1362 iam
415 1346 484 1362 fuerant.
496 1346 579 1364 Ceterum.
593 1351 625 1362 mo⁴

248 1370 302 1386 uitem
312 1370 421 1390 aquis-rodae
431 1374 464 1386 non
474 1370 517 1386 idem
528 1371 554 1386 est
563 1374 581 1386 ac
591 1374 625 1385 mo-

248 1394 301 1409 nitum
312 1397 378 1413 semper
384 1393 472 1413 sequendae
481 1393 582 1409 Vicariorum
589 1397 625 1409 sen-

248 1417 314 1433 tentiae.
326 1417 339 1433 E
349 1419 405 1433 contra
415 1417 480 1437 ipsimet
492 1417 557 1433 videant
567 1417 625 1433 Vicarii

249 1440 342 1461 Apostolici,
350 1445 369 1456 an
378 1440 417 1456 illud
425 1445 433 1456 a
441 1444 458 1456 se
466 1440 542 1460 religiose
550 1442 625 1456 servetur

248 1464 271 1480 Pii
282 1464 315 1480 vn.
327 1464 407 1480 monitum
419 1468 435 1480 iu
446 1464 512 1480 laudatis
523 1464 556 1480 suis
567 1464 625 1480 litteris

249 1488 271 1504 sic
284 1491 389 1508 expressum:
401 1487 486 1505 ‹lutei-ea.
501 1491 548 1503 venn.
561 1487 624 1506 tratres.

250 1511 329 1527 memoria
344 1511 435 1527 recolentes
451 1511 531 1531 praeclara
547 1511 565 1526 B.
581 1511 625 1527 Pauli

249 1535 304 1553 verba.
316 1534 375 1554 quibus
386 1534 493 1551 admonemur
507 1534 560 1550 omnia
571 1536 625 1550 nostra

250 1558 339 1574 secundum
356 1558 430 1574 ordinem
446 1559 462 1574 et
477 1558 494 1574 in
508 1558 574 1574 caritate
589 1562 625 1574 esse

303 1596 334 1607 lur-
341 1596 380 1607 Pone.
388 1597 404 1607 ae
411 1597 452 1609 ι’νυι)Δ
459 1596 491 1607 nae
498 1595 541 1607 nai-tir
548 1596 558 1606 1.
565 1595 593 1606 vol.
601 1596 626 1606 vn.

985 211 1016 227 23³

650 244 726 263 facienda.
738 245 789 264 magis
799 245 871 265 satagito.
882 247 902 261 ut
911 245 950 261 dum
960 245 1002 260 iusto
1009 248 1026 260 ae

650 268 720 284 discreto
731 272 786 284 rerum
797 270 814 284 et
823 272 929 288 personarum
937 268 989 284 ordini
997 271 1026 287 per

651 291 753 311 apostolicam
759 293 830 307 nostram
836 292 967 310 sollicitudinem.
974 291 1027 311 quoad

651 314 701 333 licuit,
713 315 796 334 provisum
808 319 843 331 esse
854 315 956 335 cognoscitis.
968 319 997 335 per
1004 314 1027 330 di-

651 338 735 357 ligentiam
740 341 810 354 vestram
816 343 855 358 erga
861 339 950 358 praesidem
957 338 1027 354 etalum-

651 365 681 377 nos
691 362 764 378 florentis
775 362 839 382 collegii
848 362 889 382 apud
898 362 990 382 Stouyurst.
999 361 1027 381 uui

651 385 707 401 studiis
717 386 832 405 promovendis
839 390 857 401 ac
863 386 949 401 iuvenibus
957 385 974 401 in
980 389 1026 405 spem

651 409 737 425 catholicae
750 409 833 428 religionis
847 409 951 425 instituendis
965 408 1026 425 incum-

652 432 697 450 bunt.
709 432 777 448 caritatis
788 436 839 452 seque
852 433 937 452 provisum
950 436 986 449 esse
997 436 1027 448 nos

652 456 711 475 pariter
722 460 837 475 cognoscamus
845 460 860 472 γ.

671 479 681 498 ἓ
691 479 706 495 ὅ.
718 479 789 495 Tandem
797 479 816 495 de
824 483 882 495 eorum
891 479 954 495 iuribus
961 483 990 499 per
997 483 1027 495 uos

652 502 712 518 eisdem
723 502 811 521 servandis.
823 502 915 522 quibusque
924 503 984 522 privari
991 506 1027 522 per-

652 526 745 544 timescunt.
757 526 805 542 nimis
816 526 858 542 anxii
869 528 907 542 sunt
917 526 975 542 Vicarii
986 526 1027 546 Apo-

651 549 709 565 stolici.
721 549 780 569 Utique
791 554 809 565 ea
817 550 852 568 tuiz,
860 551 885 565 est
891 549 955 569 eritque
962 554 1027 569 semper

652 574 705 588 nostra
720 577 771 591 mens,
786 575 804 589 ut
816 577 865 589 suum
878 573 937 592 cuique
947 575 979 589 stet
991 573 1027 592 ius:

652 596 679 612 sed
690 596 740 612 simul
751 597 845 612 renuntiare
856 600 889 612 non
896 600 981 616 possumus
989 596 1028 612 iuri-

652 619 682 635 bus
693 620 771 639 supremi.
782 624 831 639 quem
839 620 878 636 licet
884 620 990 636 immerentes
1000 624 1028 640 ge-

652 643 709 661 rimus.
717 643 795 663 primatus
802 643 819 659 in
830 643 923 659 universam
933 643 1026 659 Ecclesiam.

652 666 695 682 Nihil
706 668 765 685 autem.
774 667 816 686 quod
824 667 860 683 iure
868 667 945 687 primatus
953 669 1027 683 nostrum

652 694 684 705 nou
695 690 721 708 sit.
733 690 797 710 egimus
810 690 836 706 vol
846 690 906 706 tactum
917 690 1026 710 probavimus.

652 713 702 729 Porro
713 713 749 729 iure
760 714 837 733 primatus
848 714 871 729 uti
879 718 912 729 nou
919 715 944 729 est
951 714 1028 730 invadere

652 736 668 752 in
680 736 796 756 Episeoporum
804 741 857 757 neque
865 737 967 755 Titularium.
975 737 1027 753 multo

653 760 706 776 miuus
714 760 815 776 vicariorum
823 760 958 780 Apostolicorum.
964 760 1003 776 iura.
1010 760 1027 776 ld

652 785 669 799 et
679 783 709 803 ipsi
720 783 767 799 lateri
778 784 854 800 censendi
865 785 904 799 suut
914 783 978 802 Vicarii.
988 784 1027 800 dum

652 806 724 822 latentur
734 811 751 823 se
762 809 824 823 nostras
834 811 899 827 gerere.
907 811 946 827 quas
954 807 977 823 eis
984 811 1028 823 com-

652 830 732 849 misimus.
743 831 792 847 vices.

672 853 713 870 Haec
723 856 766 872 sunt.
778 854 876 870 venerabilis
887 854 942 873 trater.
950 858 991 874 quae
999 854 1027 870 tibi

652 879 668 893 et
678 881 710 893 unu
718 879 771 893 tecum
779 878 837 893 ceteris
844 877 952 893 conlratribus
960 878 991 893 tuis
999 878 1028 894 du-

652 901 705 916 ximus
713 901 821 917 rescribenda.
830 901 930 917 Confldimus
937 903 991 917 autem
998 905 1028 917 vos

652 928 709 940 omnes
720 924 757 940 huic
768 924 834 940 Sanctae
845 924 882 941 Sedi
894 925 957 940 firmius
966 925 983 940 iu
994 925 1028 941 dies

652 950 764 968 perpetuoque
779 948 881 966 adhaesuros,
895 948 963 968 eiusque
977 948 1028 964 moni-

652 971 672 987 tis
685 976 702 987 ac
716 972 794 987 mandalis
809 975 874 991 semper
888 973 904 987 et
917 972 1028 988 incunctanter

652 999 688 1011 esse
699 995 844 1015 obtemperaturos.
856 995 909 1011 Nostis
921 995 980 1015 quibus
990 999 1028 1011 cum

652 1018 726 1034 hostibus
737 1019 845 1034 dimicandum
858 1018 884 1037 sit,
900 1022 952 1038 quave
967 1020 1001 1035 arte
1012 1020 1028 1035 et

653 1043 713 1061 quanto
723 1042 785 1062 impetu
796 1042 813 1057 in
823 1042 918 1058 catholicam
929 1042 959 1062 ipsi
966 1042 1028 1058 irruunt

652 1066 749 1085 religionem
757 1066 775 1081 ad
782 1070 823 1084 earn.
830 1066 842 1081 si
851 1066 886 1081 fleri
894 1067 953 1085 posset.
960 1065 1028 1085 perden-

653 1089 688 1104 dam
694 1093 712 1105 ac
717 1089 837 1105 destruendam.
844 1089 887 1105 Niliil
893 1089 1028 1105 ardenuusanhe·

652 1112 686 1128 lant
696 1114 713 1128 et
723 1112 815 1128 insidiosius
826 1113 917 1129 moliuntur
931 1114 978 1132 atque
992 1116 1028 1132 per-

653 1137 720 1154 tentant.
729 1139 777 1155 quam
785 1140 793 1151 a
803 1136 890 1151 catholicae
899 1136 965 1152 unitatis
972 1137 1028 1152 centro

652 1159 744 1179 Episcopus.
750 1164 758 1174 ι
765 1159 816 1179 eapite
822 1159 901 1177 membra.
908 1163 947 1175 oves
953 1163 1028 1179 separare

652 1187 661 1198 a
671 1182 767 1202 pastoribus.
780 1182 856 1198 Vestrum
868 1184 893 1198 est
903 1182 958 1202 igitur.
967 1182 1028 1198 collatis

652 1206 724 1224 viribus,
739 1210 796 1222 eorum
812 1206 866 1226 impiis
877 1206 940 1222 obviam
951 1206 975 1222 ire
983 1210 1028 1222 oom-

653 1229 695 1245 tibus
706 1233 767 1249 eosque
774 1230 794 1245 de
801 1230 856 1249 iniqua
866 1233 895 1249 spe
902 1229 950 1245 fldem
958 1231 1028 1245 vestram

653 1255 669 1268 el
679 1253 784 1269 constantiam
795 1253 899 1269 labefactandi
910 1253 998 1273 depellere.
1012 1253 1028 1268 in

653 1276 668 1292 id
676 1280 741 1296 semper
748 1276 820 1292 sedulius
826 1276 931 1294 intendendo.
938 1278 956 1292 ut
963 1277 1028 1292 devotio

653 1301 706 1315 vestra
721 1300 801 1319 plenaque
815 1304 853 1319 erga
864 1300 971 1319 Apostolicam
986 1300 1028 1316 Petri

653 1323 748 1339 Cathedrarn
757 1323 858 1339 observantia
866 1323 941 1339 omnibus
948 1323 966 1339 ad
974 1327 1028 1339 exem-

653 1346 698 1366 plum
715 1346 797 1362 manifesta
814 1347 845 1362 flat.
862 1346 907 1365 Quod
923 1350 952 1362 vos
968 1347 1028 1363 nedum

653 1370 713 1388 animo.
729 1370 757 1385 sed
768 1370 819 1390 palam
830 1370 881 1388 lactis,
896 1370 974 1385 nimirum
988 1374 1028 1385 voce

653 1398 670 1409 ac
681 1393 729 1409 etiam
742 1393 811 1413 scriptis.
826 1397 856 1413 pro
871 1393 895 1409 rei
909 1393 1028 1413 opportunitate

654 1417 723 1432 viriliter
734 1417 839 1437 praestituros
850 1421 882 1432 nun
893 1417 990 1433 dubitamus.

673 1440 738 1457 interim
750 1440 867 1456 tratsrnitatem
878 1443 922 1456 tunm
933 1442 1028 1460 ceterosque

653 1464 670 1480 in
680 1468 725 1480 sacro
732 1464 823 1480 ministerio
830 1464 901 1483 collegas
909 1465 945 1479 tuos
952 1467 1028 1483 rogamus

653 1488 669 1503 in
675 1487 744 1503 Domino
750 1489 767 1503 et
772 1488 862 1506 hortamur,
868 1489 887 1503 ut
892 1487 1028 1507 quemadmodum

653 1515 683 1527 uos
696 1511 714 1527 ad
728 1511 782 1527 zelum
797 1513 870 1527 vestrum
883 1515 900 1527 ac
913 1511 985 1527 studium
999 1514 1028 1530 pro

653 1535 721 1551 istarum
732 1535 828 1551 missionum
835 1534 879 1550 bono
886 1538 932 1550 curas
939 1538 996 1550 omnes
1003 1538 1028 1554 pa-

653 1558 721 1574 storales
736 1558 810 1574 conterre
826 1562 909 1578 uunquam
925 1557 1028 1576 cessabimus.

962 1594 976 1605 oo
