4814 6998
1003 615 1076 660 vtns
1096 617 1147 662 ΡΡ.
1171 616 1216 662 ΙΧ.

372 726 423 788 oia
444 729 669 798 excitandum,
696 727 735 794 ob
761 730 863 809 eisque
887 736 995 811 sperat
1015 737 1081 793 ete-

372 821 460 884 diem
481 821 517 886 io
538 823 604 885 dies
619 825 786 887 ardentius
808 824 849 886 ad
863 823 1082 906 prodigendos

371 930 496 978 errores
516 922 546 977 et
565 918 697 998 populos
717 917 903 981 occulendos
924 917 936 998 (
958 917 980 998 ).

1137 733 1352 798 libentissime
1366 737 1570 814 agnovimus,
1587 754 1790 804 summoves
1813 755 1886 816 gau-

1138 827 1190 888 dio
1212 828 1338 892 affectos
1360 829 1475 903 luisse,
1500 833 1584 909 qnod
1608 849 1666 894 nos
1688 847 1812 895 sacrum
1835 849 1889 894 au·

1136 920 1285 998 spicalem
1307 922 1445 1000 lapidem
1470 925 1507 987 ad
1524 926 1727 989 excitandum
1748 941 1765 987 e
1785 925 1887 987 ruinis

1137 1015 1295 1092 templum
1318 1016 1369 1078 hic
1391 1017 1424 1079 in
1447 1019 1528 1082 urbe
1549 1019 1687 1082 dicatum
1709 1019 1888 1082 clarissimo

332 1101 428 1168 veno.
451 1103 598 1170 iratribus
629 1105 759 1171 ilenrico
774 1157 776 1162 .
791 1104 928 1172 Eduardo
957 1105 1082 1172 trebie·
1138 1108 1279 1171 antistiti
1303 1108 1334 1172 S.
1353 1111 1493 1175 thomae
1508 1111 1740 1187 cantuariensi,
1758 1115 1813 1190 qui
1832 1129 1887 1191 pro

371 1197 495 1280 piscopo
511 1197 858 1266 westmonasterciensi
875 1200 1005 1282 altisque
1022 1200 1081 1266 ln·
1108 1160 1110 1265 l

371 1290 449 1393 qliae
473 1290 648 1375 Episcopie,
672 1293 738 1358 eina
761 1291 989 1376 sniirsqaneis,

691 1413 1029 1482 Weslmenesterciun.

584 1586 670 1655 PlUS
695 1588 755 1654 ΡΡ.
780 1587 827 1654 tx.

529 1763 730 1831 venerabiies
751 1765 880 1845 iratres,

362 1857 493 1924 salntem
516 1863 548 1924 et
569 1857 770 1942 apostolicam
795 1861 1046 1930 benedictionem.

373 2047 593 2112 Vehementer
608 2049 757 2112 delectati
771 2067 883 2114 snmus
896 2053 1013 2114 vestris
1029 2053 1079 2115 lit·

328 2149 417 2220 teris,
440 2144 555 2208 intimo
577 2159 653 2220 erga
676 2159 735 2204 nos
757 2149 789 2205 et
816 2143 897 2206 hanc
920 2143 1079 2222 Apostoli-

327 2258 394 2306 cam
410 2239 529 2303 Sedem
548 2237 673 2315 pietatis
689 2243 721 2299 et
736 2237 959 2300 observantiae
980 2256 1077 2303 sensu

327 2333 513 2412 conscriptis
545 2349 579 2394 ac
615 2332 666 2393 die
700 2349 743 2392 ur.
782 2331 920 2409 proximi
956 2336 1077 2396 mensis

326 2429 433 2508 aprilis
469 2427 560 2490 datis.
597 2425 743 2502 Namque
779 2425 900 2488 eisdem
937 2427 1074 2502 litteriS,

325 2537 423 2584 venn.
447 2519 574 2590 iratres,
596 2534 658 2580 una
684 2533 757 2580 cum
780 2518 841 2580 isto
863 2526 972 2582 restro
988 2520 1076 2583 clero

326 2621 358 2677 et
382 2611 541 2684 fidelibus,
565 2611 750 2688 vigilantiae
777 2619 902 2674 vestrae
927 2615 1075 2676 commis·

325 2708 379 2780 sis,
396 2706 550 2768 maximas
567 2704 658 2767 nobis
674 2706 767 2782 agitis
785 2707 901 2782 gratias
917 2707 957 2770 ob
972 2714 1075 2786 pater-

325 2816 397 2862 nam
411 2800 636 2878 pietatemque
654 2799 703 2860 nsi
718 2813 832 2859 sumus
849 2813 925 2876 erga
938 2801 1074 2862 miseros

324 2893 416 2964 illos,
441 2891 495 2968 qni
518 2907 534 2952 a
555 2890 691 2952 veritate
714 2889 900 2953 aberrantes
927 2909 961 2955 ac
982 2892 1074 2955 iune-

325 2986 456 3047 stissimi
472 2991 540 3046 tum
557 2983 703 3048 Photiani
724 2991 793 3044 tum
812 2984 977 3061 anglicani
993 2988 1074 3049 schi-

325 3079 434 3141 smatis
448 3083 634 3146 sectatores,
645 3092 813 3154 perperam
827 3079 1074 3142 comminiscun-

325 3177 379 3232 tur
399 3179 432 3234 et
453 3170 660 3246 contingunt,
683 3185 718 3230 se
740 3185 814 3231 cum
842 3170 995 3234 catholica
1018 3172 1074 3236 Ec-

324 3265 418 3327 clesia
440 3263 703 3326 communionem
731 3263 850 3326 habere
871 3280 976 3342 posse,
999 3284 1073 3329 cum

324 3365 413 3421 extra
440 3358 540 3435 ipsius
568 3357 727 3419 Ecclesiae
755 3357 911 3420 unitatem
941 3361 1074 3423 omnino

323 3451 397 3513 sint.
412 3451 516 3528 htque
532 3451 628 3512 etiam
643 3449 841 3527 significatis,
859 3466 930 3513 cum
947 3467 1074 3516 summa

323 3543 441 3606 laetitia
463 3561 479 3605 a
504 3543 595 3606 vohis
626 3549 774 3620 exceptas
802 3542 900 3606 luisse
922 3545 1073 3624 epistolas

323 3639 373 3700 die
403 3654 468 3700 aurs.
492 3637 686 3715 septembris
716 3653 910 3700 uucccuxrv.
941 3649 973 3703 et
1002 3657 1070 3704 vrn.

323 3733 509 3794 novembris
532 3747 713 3792 nncccuxv.
732 3730 762 3793 S.
783 3729 884 3794 Officii
904 3735 993 3796 iussu
1018 3753 1072 3800 no-

321 3833 388 3889 stro
410 3831 565 3897 exaratas,
589 3841 629 3886 eu
651 3825 769 3901 quibus
790 3825 875 3888 clare
897 3836 1072 3907 aperteque

321 3919 547 3997 cognoscitur,
581 3919 746 3981 neminem
779 3923 931 3997 possead
961 3937 1071 3986 veram

320 4012 440 4076 Christi
471 4012 645 4076 Ecclesiam
675 4013 859 4091 pertinere,
893 4015 955 4078 nisi
978 4017 1071 4095 plena

320 4107 418 4168 animi
433 4107 602 4184 cordisque
616 4106 816 4170 subiectione
831 4115 864 4170 et
877 4117 985 4187 aperta
1007 4112 1071 4173 oris

320 4200 522 4264 contessione
536 4200 611 4263 huic
626 4199 711 4262 Petri
726 4198 902 4266 cathedrae
915 4203 1071 4268 Romano-

321 4311 384 4373 que
400 4293 543 4356 Pontifici
560 4295 698 4356 llrmiter
713 4296 893 4368 adhaereat,
908 4299 974 4376 qni,
992 4307 1069 4362 tasn-

320 4405 415 4468 quam
439 4389 524 4451 Petri
538 4403 714 4461 successor,
732 4389 769 4451 ab
785 4389 853 4468 ipso
868 4391 995 4456 Christo
1011 4394 1070 4456 llo·

320 4485 408 4545 mino
432 4483 529 4545 totius
551 4481 710 4546 Ecclesiae
733 4491 826 4562 caput
853 4492 1069 4564 centrumque

297 4563 301 4578 '
319 4577 449 4639 unitatis
471 4593 505 4638 ac
526 4575 677 4654 Princeps
700 4576 854 4640 divinitus
883 4585 932 4640 est
953 4583 1068 4644 consti-

319 4677 408 4744 tutus
437 4685 510 4732 cum
542 4685 692 4747 suprema
726 4677 882 4748 potestate
919 4677 1068 4750 pascendi

319 4779 418 4842 agnos
440 4769 472 4825 et
494 4778 581 4825 oves.
606 4763 695 4827 l'axit
711 4763 805 4836 lleus,
823 4781 920 4828 venn.
939 4767 1065 4841 fratrea,
1158 4832 1160 4836 ,

318 4865 354 4920 ut
369 4857 479 4920 miseri
494 4864 650 4928 errantes,
663 4858 729 4918 suis
742 4858 872 4920 eiuratis
888 4863 1065 4936 erroribus,

318 4959 351 5014 et
371 4951 544 5014 catholicae
566 4952 709 5012 veritatis
725 4952 831 5014 lucem
847 4955 1021 5032 adspiciant
1035 4965 1067 5020 et

317 5047 353 5108 ad
376 5045 507 5108 unicum
530 5045 648 5108 Christi
672 5046 756 5108 ovile
777 5048 976 5126 confugiant.
1002 5050 1066 5113 Nos

318 5139 448 5217 quidem
472 5141 554 5202 hand
585 5140 764 5202 omittimus
794 5142 861 5203 dies
890 5151 1066 5222 noctesque

317 5233 347 5295 id
380 5251 395 5294 a
428 5233 722 5318 misericordiarum
756 5234 847 5298 Patre
874 5237 1066 5300 humillimis

316 5344 350 5389 ac
377 5326 623 5389 lerventissimis
655 5328 801 5405 precibus
828 5345 1003 5408 exposcere
1032 5350 1065 5398 ac

318 5420 413 5484 huius
429 5422 476 5483 rei
492 5437 582 5483 cansa
599 5423 860 5500 potentissimum
880 5424 1064 5488 lmmacula·

316 5521 365 5577 tae
381 5513 668 5592 sanctissimaeque
685 5517 836 5594 lleiparae
857 5517 999 5596 Virginis
1017 5537 1052 5598 pa

316 5609 488 5671 trocinium
511 5610 605 5671 etiam
635 5617 730 5688 atque
753 5611 847 5672 etium
877 5613 1062 5690 implorare.

316 5703 378 5763 lam
409 5717 487 5764 vero
510 5717 549 5764 ex
578 5702 645 5764 aliis
671 5706 786 5766 vestris
808 5705 923 5767 litteris
950 5707 1063 5769 eodem

315 5796 366 5858 die
389 5811 432 5858 m.
456 5799 699 5860 commemorati
721 5800 841 5862 mensis
857 5801 965 5878 aprilis
985 5803 1064 5865 datis

827 5940 833 5945 .
846 5941 1010 5949 ——.-—-

355 6011 385 6066 (l)
402 6013 437 6055 Ex
453 6016 515 6068 leeg.
532 6013 614 6070 Epist.
630 6015 662 6060 ad
677 6014 808 6072 principes
823 6021 872 6061 etc.
888 6027 930 6062 an.
947 6027 996 6062 xx.

1137 1203 1289 1266 catholica
1318 1205 1457 1267 Ecclesia
1487 1215 1620 1270 strenue
1648 1207 1825 1270 decertarit
1855 1215 1889 1270 et

1138 1295 1280 1372 glorioso
1294 1297 1451 1374 sangnine
1470 1299 1571 1362 eiiuso
1590 1301 1734 1378 martyrii
1750 1299 1887 1378 palmam

1137 1395 1186 1450 est
1199 1390 1343 1468 adeptus.
1361 1391 1401 1452 Et
1416 1392 1568 1468 quoniam
1583 1393 1798 1456 vehementer
1818 1409 1885 1471 gra·

1138 1482 1284 1545 tulamini
1305 1481 1556 1548 sollicitudinem
1584 1502 1662 1565 qua,
1687 1503 1745 1566 pro
1767 1489 1887 1564 gravis-

1137 1576 1219 1638 simo
1241 1578 1384 1655 supremi
1406 1579 1571 1657 apostolici
1593 1581 1693 1643 nestri
1714 1581 1886 1644 ministerii

1137 1670 1251 1742 cilicio,
1268 1678 1316 1732 tot
1337 1672 1508 1750 pestileros
1523 1674 1618 1737 huius
1633 1675 1823 1754 praesertim
1839 1676 1886 1737 in-

1136 1763 1236 1826 telicis
1252 1772 1379 1828 nostrae
1395 1769 1506 1830 aetatis
1520 1784 1649 1831 errores
1664 1770 1885 1832 damnavimus

1136 1873 1170 1918 ac
1183 1859 1441 1937 prescripsimus,
1455 1861 1572 1924 idcirco
1584 1862 1664 1924 certi
1675 1877 1800 1934 sumus,
1813 1878 1883 1936 vos,

1136 1967 1233 2014 venn.
1257 1953 1383 2023 iratres,
1407 1969 1466 2032 pro
1488 1955 1606 2017 eximia
1626 1956 1744 2034 pietate
1766 1963 1798 2018 et
1820 1957 1886 2034 epi-

1135 2045 1251 2124 scopali
1284 2047 1354 2108 zelo
1390 2063 1501 2110 omncs
1537 2049 1704 2126 pastoralis
1739 2050 1884 2112 muneris

1137 2147 1241 2217 partes
1256 2140 1369 2203 sedulo
1385 2141 1564 2219 explentes,
1583 2142 1664 2204 nihil
1679 2158 1821 2220 unquam
1837 2145 1884 2205 in·

1136 2240 1292 2296 tentatum
1305 2251 1376 2296 esse
1390 2235 1574 2308 relicturos,
1586 2251 1650 2313 quo
1666 2237 1884 2300 sanctissimae

1134 2333 1262 2390 nostrae
1284 2328 1358 2388 ildei
1387 2343 1420 2388 ac
1446 2327 1613 2405 religionis
1642 2330 1776 2406 eiusque
1802 2331 1885 2393 salu·

1134 2421 1208 2482 taris
1221 2421 1384 2483 doctrinae
1395 2437 1520 2484 causam
1534 2421 1780 2486 luctuosissimis
1796 2424 1884 2488 hisce

1133 2514 1332 2592 temporibus
1355 2515 1498 2591 quotidie
1521 2516 1624 2592 magis
1647 2518 1743 2589 tueri,
1772 2517 1883 2581 delen·
1972 2529 1975 2533 ’

1132 2611 1209 2672 dere
1231 2626 1265 2671 ac
1287 2615 1472 2670 vestrorum
1488 2609 1634 2672 fidelium
1655 2610 1749 2673 saluti
1771 2629 1883 2674 consu-

1131 2702 1199 2765 lere
1235 2709 1267 2764 et
1295 2701 1430 2763 nefarias
1465 2702 1725 2765 adversariorum
1753 2703 1883 2766 insidias

1130 2797 1285 2874 detegere
1307 2813 1341 2858 ac
1363 2803 1541 2858 monstrosa
1558 2812 1672 2858 eorum
1693 2798 1880 2875 opinionum

1133 2896 1278 2968 portenta
1290 2889 1462 2968 protligare
1478 2891 1616 2967 possitis.
1630 2890 1775 2968 Denique
1790 2892 1882 2954 vobis

1131 2983 1411 3063 persuasissimum
1428 2985 1479 3055 sit,
1497 2985 1699 3063 praecipuam
1721 3002 1803 3059 esse,
1821 3002 1883 3064 qna

1130 3093 1187 3140 vos
1209 3078 1240 3138 in
1264 3077 1399 3140 llomino
1421 3077 1667 3155 complectimur
1685 3078 1882 3144 benevolen-

1131 3172 1216 3233 tiam.
1241 3171 1339 3233 Cuius
1362 3185 1492 3248 quoque
1520 3171 1736 3234 certissimum
1764 3174 1882 3252 pignus

1130 3264 1374 3327 essevolumus
1399 3271 1498 3344 apost.
1523 3265 1782 3329 benedictionem
1806 3275 1880 3343 etc,

1129 3375 1224 3437 quam
1255 3375 1295 3420 eu
1316 3359 1432 3420 intimo
1462 3365 1522 3420 etc.
1545 3359 1637 3422 vobis
1660 3368 1721 3424 etc.
1745 3362 1882 3426 cunctis·

1129 3469 1192 3530 qne
1207 3460 1267 3515 etc.
1285 3453 1441 3529 cuiusque
1456 3459 1603 3514 vestrum
1619 3470 1715 3518 curae
1730 3461 1791 3518 etc.
1809 3471 1881 3535 per·

1129 3555 1273 3610 amanter
1295 3545 1513 3624 impertimus.

1169 3641 1282 3702 batum
1302 3639 1431 3712 Romae,
1446 3639 1527 3718 apud
1544 3638 1576 3701 S.
1590 3639 1734 3714 Petrum,
1752 3642 1812 3706 sub
1827 3661 1881 3707 an·

1128 3736 1206 3797 nulo
1235 3733 1359 3805 Piscat,
1383 3733 1435 3796 die
1457 3748 1547 3795 xuxr.
1571 3733 1644 3796 maii
1667 3751 1878 3812 uncccuxvr„

1128 3827 1331 3906 pontificatus
1353 3827 1455 3889 nostri
1476 3839 1560 3888 auno
1583 3843 1637 3889 xx.

1376 4027 1628 4036 ..-—.—--——

1464 4205 1544 4267 lllll.

1125 4395 1162 4456 lt.
1186 4395 1222 4456 P.
1249 4395 1285 4458 D.
1311 4394 1426 4458 Petrus
1442 4393 1562 4458 Hutter
1577 4391 1834 4460 Diarbeltt'rienai
1848 4402 1879 4457 et

1165 4488 1202 4550 lt.
1236 4489 1273 4551 Ρ.
1307 4488 1345 4550 D.
1383 4487 1510 4553 Gabriel
1541 4489 1643 4552 Ferae
1675 4487 1878 4552 Mardioertai

1168 4582 1400 4647 Chaldaeorum
1422 4583 1559 4646 ecclesiis
1577 4582 1827 4664 praeficiantur.

1277 4768 1395 4856 llilepto
1417 4769 1481 4836 lilio
1505 4768 1598 4836 Petro
1621 4768 1723 4847 hilar,

1317 4865 1494 4946 presbytero
1517 4863 1685 4941 chaldaeo,

1377 5049 1465 5116 PlUS
1489 5051 1552 5116 ΡΡ.
1576 5050 1621 5118 tl.

1400 5239 1516 5306 [tilecte
1538 5241 1597 5320 lili,

1154 5336 1283 5402 salutem
1306 5339 1338 5399 et
1360 5333 1559 5416 apostolicam
1585 5336 1837 5404 benedictionem.

1160 5527 1179 5601 5
1202 5526 1229 5586 l.
1255 5524 1406 5603 Supremi
1421 5524 1625 5602 apostolatus
1641 5527 1792 5605 officium,
1813 5528 1873 5590 hu-

1121 5619 1248 5680 militati
1263 5625 1392 5680 nostrae
1406 5619 1438 5680 in
1456 5634 1592 5696 persona
1608 5620 1673 5682 bmi
1689 5619 1774 5682 Petri
1789 5620 1871 5699 Ape·

1121 5711 1277 5776 stolorum
1295 5712 1449 5791 Principis
1460 5713 1498 5774 ab
1510 5713 1579 5790 ipso
1591 5711 1719 5776 Christo
1734 5713 1871 5777 Domino

1121 5807 1342 5878 commissum,
1365 5805 1444 5869 illud
1466 5807 1499 5868 in
1522 5807 1634 5885 primis
1662 5807 1812 5886 postulat,
1837 5813 1872 5870 ut

1810 605 1870 668 269
1926 607 1976 662 An.
1991 606 2020 663 C.
2035 607 2102 661 lectt
