4836 7002
336 543 513 602 Αη,0.1855
568 543 629 606 232

550 683 678 754 petuam
715 677 935 740 exclusionem
966 675 1080 738 vicarii
1114 673 1298 754 apostolici.

549 768 707 846 Quidquid
730 785 810 848 ergo
832 769 865 832 in
887 785 960 831 casu
983 769 1022 830 de
1044 784 1108 846 quo
1130 776 1178 830 est
1191 783 1300 830 sermo

548 863 802 926 iurisdictionem
826 863 966 942 respicit,
983 879 1047 924 non
1069 861 1162 924 aliter
1183 859 1299 924 intelli·

549 957 690 1036 gendum
713 957 773 1018 nisi
793 957 909 1020 indicta
924 957 1136 1034 suspensione
1150 956 1297 1018 durante.

549 1050 664 1113 Videas
684 1051 796 1128 igitur,
820 1049 1014 1114 venerabilis
1035 1049 1145 1123 frater,
1170 1065 1233 1113 non
1260 1050 1300 1112 de

549 1145 732 1207 omnimoda
747 1143 934 1206 monasterii
948 1143 1165 1221 exemptione,
1182 1143 1237 1206 sed
1259 1144 1299 1207 de

547 1238 717 1317 apostolica
739 1245 863 1300 tantum
895 1238 946 1314 agi
971 1238 1164 1311 visitatione,
1195 1238 1299 1316 deque

549 1333 696 1410 delegato
718 1333 883 1394 visitatore
905 1331 1078 1410 apostolico
1100 1347 1171 1394 cum
1203 1331 1299 1394 facul-

550 1433 612 1488 tate
633 1424 883 1503 subdelegandi.;
907 1442 941 1488 ac
956 1425 1090 1503 proinde
1112 1432 1144 1488 et
1158 1425 1237 1487 illud
1253 1425 1299 1486 vi-

549 1521 622 1583 deas
644 1519 812 1582 consilium
832 1519 955 1580 anobis
971 1526 1096 1596 captum
1114 1520 1153 1580 de
1167 1535 1299 1598 suspen-

549 1615 650 1678 denda
673 1613 878 1676 fraternitatis
900 1621 973 1675 tuae
1002 1613 1033 1674 in
1064 1613 1142 1676 illud
1174 1615 1298 1676 iurisdi-

549 1709 653 1771 ctione
675 1723 746 1770 esse
768 1713 1025 1785 temporaneum,
1049 1707 1151 1770 donec
1178 1709 1300 1774 scilicet

548 1803 641 1866 nobis
662 1802 852 1871 constiterit,
876 1817 927 1862 res
949 1801 1093 1864 eiusdem
1110 1819 1180 1864 esse
1195 1801 1232 1864 ad
1249 1819 1299 1881 pa-

549 1913 618 1958 cem
642 1905 673 1958 et
700 1895 903 1958 concordiam
931 1910 987 1973 per
1014 1895 1197 1972 delegatum
1225 1897 1299 1959 visi-

549 1995 684 2052 tatorem
707 1990 769 2051 rite
790 1988 993 2066 compositas.

588 2084 657 2160 §3-
690 2082 781 2145 blodo
810 2083 846 2143 ad
879 2083 1058 2145 secundum
1091 2085 1298 2162 querelarum

548 2185 641 2256 caput
663 2184 873 2239 transeamus.
899 2176 991 2238 Dolet
1013 2177 1104 2238 nobis
1119 2193 1215 2254 quam
1236 2196 1299 2240 ma·

548 2271 635 2333 xime
656 2272 706 2334 bio
722 2285 978 2332 commemorare
993 2285 1073 2347 quae
1088 2271 1169 2333 circa
1188 2274 1298 2351 templi

547 2365 759 2427 Londinensis
771 2365 974 2426 traditionem
988 2363 1043 2426 ΡΡ.
1055 2364 1297 2428 Societatislesu

548 2457 721 2520 faciendam
737 2458 844 2520 locum
861 2457 1044 2521 babuerunt
1058 2459 1143 2520 inter
1157 2457 1298 2536 Congre-

548 2553 708 2629 gationem
733 2553 772 2614 de
795 2551 998 2630 Propaganda
1021 2551 1096 2614 Fide
1118 2559 1151 2614 et
1165 2569 1298 2615 venera-

548 2645 644 2708 bilem
658 2644 791 2708 fratrem
807 2643 968 2708 Vicarium
982 2644 1201 2724 Apostolicunr
1217 2647 1298 2710 Lon-

548 2739 736 2815 dinensem3
767 2739 834 2811 sed,
866 2747 903 2802 ut
927 2747 1137 2816 cognoscatur
1167 2741 1298 2806 Sanctae

548 2833 644 2894 buius
659 2831 750 2894 Sedis
765 2833 797 2894 in
813 2849 851 2895 eo
867 2833 962 2895 etiam
979 2835 1110 2911 negotio
1126 2836 1298 2914 indulgens

547 2927 790 3004 circumspectio
822 2933 855 2988 et
887 2928 1075 2998 moderatio,
1109 2931 1240 2993 omnino
1262 2948 1298 2994 ea

549 3021 724 3097 praeterire
751 3036 815 3081 non
838 3035 1027 3098 possumus;
1051 3023 1222 3100 scripserat
1243 3026 1298 3086 ita-

548 3129 621 3191 que,
639 3113 730 3176 nobis
745 3113 970 3186 annuentibus
988 3115 1098 3178 eadem
1115 3115 1298 3198 congrega-

548 3209 591 3269 tio
613 3207 807 3269 Londinensi
833 3205 958 3269 Vicario
981 3209 1041 3270 sub
1065 3209 1115 3271 die
1139 3227 1205 3272 xix.
1228 3213 1297 3276 iulii

546 3304 620 3364 anni
632 3303 866 3374 dccccxxxiv„
881 3301 910 3362 id
923 3301 982 3363 sibi
998 3303 1090 3365 valde
1102 3304 1182 3366 utile
1194 3306 1297 3369 videri

545 3394 678 3480 (nempe
709 3395 866 3473 templum
896 3395 975 3457 illud
1011 3398 1136 3459 tradere
1161 3398 1298 3480 lesuitis)

542 3505 580 3560 ac
602 3505 659 3567 pro
681 3497 769 3550 certo
791 3505 827 3550 se
852 3489 982 3561 babere,
1007 3489 1111 3568 ipsum
1135 3491 1296 3556 Vicarium

547 3581 627 3642 nihil
649 3582 784 3660 amplius
807 3598 881 3660 prae
904 3582 1004 3644 oculis
1027 3583 1211 3659 habentem,
1236 3589 1296 3650 nisi

546 3675 698 3738 ecclesiae
720 3675 1000 3754 amplificationem
1023 3685 1055 3740 et
1076 3679 1220 3742 fidelium
1237 3683 1296 3744 uti-

546 3770 680 3843 litatem,
695 3772 830 3849 petitum
843 3787 1037 3834 consensum
1050 3789 1120 3836 esse
1133 3775 1294 3850 daturum,

546 3864 710 3927 declarans
741 3865 825 3942 quod
855 3865 961 3928 eidem
986 3865 1236 3946 Congregationi
1265 3871 1295 3934 id

546 3959 813 4022 iucundissimum
835 3957 930 4022 foret.
948 3959 1040 4024 Hisce
1056 3969 1162 4024 autem
1180 3965 1296 4028 obicio-

546 4053 588 4112 sis
611 4050 723 4114 Sacrae
744 4051 1011 4131 Gongregationis
1027 4055 1295 4121 insinuationibus

547 4152 579 4206 et
599 4145 683 4206 votis
705 4145 850 4209 absolute
870 4147 1036 4226 respondit
1050 4149 1136 4210 idem
1153 4148 1295 4215 vicarius

547 4238 748 4316 Apostolicus
760 4239 819 4300 sub
831 4239 881 4302 die
892 4257 960 4301 vin.
974 4257 1047 4318 aug.
1061 4258 1293 4314 uueccxxmv.

546 4349 581 4395 se
602 4349 667 4394 non
690 4347 794 4411 posse,
818 4333 878 4394 nisi
901 4333 1019 4396 vulnus
1040 4334 1293 4400 infensissimum

546 4427 760 4490 conscientiae
775 4443 850 4489 suae
865 4427 1052 4504 indigendo,
1069 4429 1213 4507 adeoque
1226 4431 1296 4494 nul-

546 4521 577 4584 lo
593 4522 689 4584 modo
705 4537 798 4599 posse
817 4521 1078 4598 approbationem
1095 4531 1148 4584 aut
1163 4541 1296 4588 consen·

546 4632 616 4677 sum
634 4615 788 4694 praebere
807 4614 854 4678 illi
875 4615 1017 4692 negotio.
1042 4615 1135 4678 Elin
1158 4619 1293 4696 quodam

546 4707 622 4771 folio
644 4709 788 4772 exhibito
809 4726 824 4770 a
847 4707 921 4770 dicti
944 4707 1066 4770 vicarii
1088 4720 1295 4787 procuratore

546 4803 712 4873 asseritur,
730 4803 834 4880 ipsum
850 4811 961 4880 aperte
976 4809 1127 4865 testatum
1144 4803 1243 4868 fuisse
1258 4807 1295 4868 ab

546 4897 700 4958 universo
729 4895 798 4958 eius
827 4895 915 4958 clero
942 4896 1052 4959 baberi
1080 4905 1117 4960 ut
1144 4899 1295 4976 religioni

546 5006 754 5068 summopere
783 4989 992 5063 iniuriosum,
1027 4992 1185 5071 templum
1215 4993 1293 5055 illud

546 5083 671 5147 lesuitis
693 5084 832 5156 deferre,
857 5093 890 5146 et
911 5100 945 5146 se
974 5101 1138 5164 nunquam
1164 5087 1194 5148 id
1221 5104 1295 5150 con·

546 5193 729 5240 sensurum.
744 5177 823 5251 Quid
837 5178 942 5241 minus
955 5186 1082 5256 gratum
1095 5179 1152 5242 bac
1164 5195 1295 5258 respon-

545 5271 835 5345 sionefQuomodo
848 5272 1193 5349 poterantiniuriosius
1206 5274 1294 5336 refici

545 5363 812 5442 Congregationis
840 5373 923 5437 vota,
951 5380 1046 5443 quam
1076 5366 1295 5430 denuntiando

545 5459 738 5522 iniuriosum
751 5458 913 5535 religioni,
928 5459 1013 5536 quod
1026 5459 1092 5538 ipsa
1107 5460 1200 5522 valde
1214 5460 1294 5522 utile

546 5553 700 5624 edixerat,
726 5551 859 5631 insuper
881 5559 914 5614 et
941 5554 1133 5631 profitendo,
1167 5554 1294 5616 nonnisi

545 5647 665 5710 inflicto
680 5646 827 5724 propriae
842 5647 1054 5709 conscientiae
1076 5647 1294 5711 infensissimo

545 5741 683 5802 vulnere
706 5739 826 5802 eisdem
850 5740 1060 5801 obsecundari
1089 5743 1199 5819 posset
1220 5739 1294 5802 Pro-

545 5833 630 5897 fecto
651 5838 678 5895 si
700 5835 771 5912 quis
793 5833 915 5896 inferre
937 5851 977 5896 ex
993 5835 1041 5896 bis
1055 5834 1166 5907 vellet,
1185 5836 1295 5912 quanti

545 5929 628 6008 apud
650 5927 722 5992 talia
750 5929 1002 6006 respondentem
1031 5929 1186 5992 habeatur
1214 5928 1295 5991 dicta

1069 557 1136 603 fult.
1159 557 1252 602 PONT.
1275 555 1316 601 ult
1338 555 1368 600 P.
1392 555 1423 602 F.
1446 554 1531 601 PARS
1551 553 1574 600 1.

1356 671 1583 750 Congregatio,
1607 687 1682 734 eum
1705 670 1812 734 forsan
1833 687 1899 733 non
1925 671 2008 734 bene
2029 686 2106 749 erga

1356 765 1457 844 ipsam
1489 764 1636 828 affectum
1667 765 1840 838 iudicaret,
1872 780 1969 843 quem
1998 773 2105 828 tamen

1355 859 1462 922 animo
1495 874 1560 920 non
1592 857 1688 922 talem
1720 875 1791 921 esse
1823 857 1996 922 credimus.
2025 858 2105 934 Quid

1356 959 1520 1031 praeterea
1551 952 1677 1014 lesuitis
1706 953 1807 1030 magis
1836 953 2010 1031 opprobrio
2038 969 2107 1015 esse

1355 1053 1470 1126 potest,
1488 1064 1584 1127 quam
1599 1048 1643 1110 sic
1658 1047 1814 1124 probrose
1828 1047 1944 1126 repelli
1957 1065 1974 1108 a
1987 1047 2107 1110 blissio

1356 1143 1449 1204 nibus
1461 1141 1633 1205 adeundisf
1646 1139 1810 1214 Ceterum,
1824 1156 1906 1220 quae
1919 1142 2015 1204 nimis
2027 1141 2106 1204 dura

1355 1235 1394 1298 de
1405 1235 1481 1314 ipsis
1495 1235 1590 1298 babet
1604 1235 1817 1298 Londinensis
1836 1235 1980 1297 Vicarius
1994 1235 2104 1308 verba,

1355 1345 1390 1392 ea
1404 1329 1464 1392 sibi
1485 1329 1588 1392 veluti
1603 1329 1737 1394 fortuito
1757 1330 1913 1392 excidisse
1928 1331 2105 1408 putandum

1355 1431 1414 1496 est,
1437 1441 1510 1486 cum
1532 1439 1672 1502 aequum
1694 1425 1735 1486 sit
1756 1424 1880 1502 opinari
1901 1440 1975 1486 eum
1998 1425 2105 1486 animo

1356 1535 1420 1582 non
1442 1519 1614 1580 dissentire
1629 1535 1645 1578 a
1660 1518 1795 1596 reliquis
1810 1517 1944 1596 angliae
1960 1518 2103 1592 Vicariis,

1355 1613 1547 1690 quibuscum
1560 1613 1703 1675 doctrina
1719 1629 1753 1674 ac
1768 1612 1936 1690 religionis
1948 1613 2019 1676 zelo
2032 1631 2106 1676 con-

1354 1709 1511 1786 iungitur,
1541 1722 1688 1786 quosque
1719 1723 1760 1769 ex
1790 1708 1885 1770 certis
1914 1715 1947 1769 et
1972 1709 2105 1771 authen-

1355 1802 1423 1865 ticis
1438 1801 1649 1875 documentis,
1667 1801 1700 1864 in
1718 1799 1987 1880 Congregationis
2004 1801 2106 1865 archi-

1354 1897 1407 1958 vio
1429 1896 1651 1968 existentibus,
1683 1895 1775 1958 nobis
1803 1902 1937 1969 constat,
1968 1913 2105 1976 propen-

1354 1991 1497 2053 sissimos
1514 2005 1584 2051 esse
1599 1991 1632 2052 in
1647 1983 1839 2052 lesuitarum
1854 1989 2023 2053 missiones
2035 1991 2106 2055 istic

1355 2084 1520 2146 fovendas.
1541 2083 1673 2145 luterim
1689 2083 1921 2157 animadverte,
1938 2085 2104 2148 venerabi·

1355 2178 1392 2240 lis
1413 2178 1523 2248 frater,
1547 2183 1664 2254 quanta
1684 2177 1885 2254 indulgentia
1907 2195 1941 2241 ac
1961 2179 2105 2242 modera-

1356 2270 1442 2333 tione
1464 2287 1521 2332 usa
1536 2270 1636 2332 fuerit
1650 2271 1761 2332 eadem
1778 2270 2005 2350 dongragatio,
2023 2288 2103 2352 quae

1353 2373 1481 2442 accepto
1503 2365 1597 2426 buius
1612 2363 1842 2429 iucundissimo
1864 2381 2019 2444 responso
2034 2367 2104 2428 bac·

1354 2466 1449 2520 tenus
1471 2457 1573 2532 siluit3
1598 2457 1672 2519 binc
1694 2465 1726 2519 et
1748 2457 1827 2520 illud
1854 2460 1986 2522 adverte
2008 2475 2103 2538 quam

1340 2552 1463 2626 subtili
1495 2558 1563 2613 arte
1591 2551 1624 2614 in
1657 2550 1858 2614 vicariorum
1891 2553 2006 2615 litteris
2038 2555 2104 2632 ipsa

1354 2653 1611 2724 praemoneatur,
1633 2645 1789 2722 nequod
1816 2645 1849 2706 in
1871 2647 1954 2708 votis
1979 2655 2103 2710 tantum

1353 2754 1386 2799 se
1414 2739 1532 2802 babere
1561 2737 1770 2816 patefecerat,
1798 2737 1829 2799 id
1858 2739 1987 2800 tandem
2009 2741 2103 2803 iussis

1354 2833 1518 2911 complere
1539 2841 1635 2910 atque
1657 2831 1695 2894 ad
1716 2832 1840 2895 exitum
1857 2833 2034 2910 perducere
2050 2849 2104 2897 ve·

1354 2924 1400 2986 lit.
1425 2924 1580 2988 Mittimus
1602 2933 1710 2987 autem
1739 2939 1821 3002 quae
1849 2925 1888 2988 de
1916 2926 2008 2988 novis
2036 2927 2104 2990 llis-

1354 3018 1497 3081 sionibus
1518 3017 1716 3096 assignandis
1738 3019 1771 3079 in
1797 3019 1942 3083 districtu
1965 3029 2104 3099 septem-

1354 3113 1480 3177 trionali
1497 3115 1661 3176 monacbis
1682 3113 1896 3177 benedictinis
1911 3115 1988 3178 falso
2002 3116 2104 3194 suspi-

1353 3215 1466 3271 cantur
1487 3207 1585 3269 iidem
1609 3206 1743 3282 Vicarii3
1767 3214 1816 3270 est
1843 3207 1930 3270 enim
1952 3207 1983 3270 id
2010 3209 2104 3287 plane

1353 3301 1623 3364 commentitium.
1661 3300 1831 3378 Nunquam
1864 3302 1904 3364 de
1937 3302 2031 3364 buius
2056 3320 2103 3365 ca-

1354 3397 1470 3474 piendo
1499 3395 1632 3456 consilio
1661 3403 1767 3458 actum
1789 3395 1892 3457 estin
1920 3396 2103 3477 congrega·

1354 3491 1441 3552 tione
1473 3489 1666 3565 nullumque
1692 3489 1730 3550 ad
1759 3489 1820 3551 boc
1848 3489 1952 3552 eidem
1985 3489 2102 3553 factum

1353 3583 1413 3645 fuit
1434 3582 1586 3654 officium,
1610 3583 1651 3643 ita
1673 3590 1710 3646 ut
1732 3583 1858 3660 penitus
1886 3582 1953 3660 ipsa
1973 3583 2104 3662 ignoret

1353 3678 1559 3754 quonitatur
1585 3675 1795 3738 fundamento
1825 3674 2025 3739 vicariorum
2050 3694 2103 3740 au-

1352 3772 1462 3834 xietas.

1393 3866 1411 3940 5
1433 3865 1462 3926 lt.
1480 3865 1543 3927 Sed
1562 3866 1625 3926 iam
1641 3865 1678 3926 ad
1695 3863 1827 3925 tertium
1842 3864 2011 3927 veniamus
2026 3879 2103 3943 que·

1352 3959 1564 4020 rimoniarum
1587 3967 1695 4036 caput:
1721 3957 1757 4019 ad
1775 3963 1975 4036 praetensam
1991 3959 2102 4022 videli-

1352 4059 1404 4116 cet
1418 4053 1626 4116 violationem
1646 4051 1835 4128 regularum
1850 4069 1866 4113 a
1883 4053 2002 4115 Bened.
2019 4051 2100 4116 xlv.

1353 4147 1620 4226 praescriptarum
1633 4145 1906 4223 promissionibus
1919 4145 2102 4225 anglicanis

1352 4249 1385 4304 et
1398 4242 1579 4304 litterarum
1591 4239 1837 4318 apostolicarum
1850 4239 1896 4301 Pii
1907 4239 1985 4314 Vll,
2002 4241 2102 4304 relate

1352 4335 1390 4397 ad
1418 4335 1584 4397 decretum
1613 4351 1629 4396 a
1655 4331 1915 4411 congregatione
1946 4335 2102 4398 emissum

1352 4445 1435 4490 anno
1459 4443 1671 4501 nucocxvrn,
1689 4428 1726 4490 ad
1746 4442 1824 4504 quas
1838 4427 2001 4505 appellant
2014 4427 2101 4491 Vica-

1352 4522 1403 4594 rii,
1426 4522 1517 4584 cuius
1540 4521 1721 4584 violationis
1740 4523 1778 4583 ab
1793 4520 1915 4584 eisdem
1939 4520 2102 4583 insimula-

1353 4632 1426 4678 mur
1448 4623 1518 4677 tum
1539 4615 1572 4677 in
1594 4615 1631 4676 fis
1646 4630 1728 4692 quae
1743 4617 1914 4688 ediximus,
1930 4621 1999 4676 tum
2015 4615 2048 4677 in
2063 4616 2101 4678 iis

1352 4724 1433 4786 quae
1459 4725 1517 4771 nos
1543 4709 1704 4771 edicturus
1730 4709 1789 4786 ipsi
1819 4715 1988 4771 verentur.
2019 4710 2102 4771 Sane

1352 4803 1428 4881 quid
1444 4803 1573 4880 gravius
1589 4810 1621 4864 et
1635 4803 1741 4864 animo
1757 4809 1868 4864 nostro
1882 4802 2028 4864 acerbius
2045 4803 2102 4864 bac

1352 4897 1568 4959 accusationet
1583 4895 1774 4958 Benedictus
1796 4893 1877 4958 xlv.
1898 4895 2102 4974 praescripsit

1352 4990 1560 5052 missionariis
1582 4989 1778 5067 vicariisque
1803 4989 2005 5068 Apostolicis,
2036 5005 2099 5052 non

1351 5092 1459 5147 autem
1492 5083 1633 5146 Summis
1658 5084 1734 5162 ipsis
1759 5084 1984 5156 Pontificibus,
2011 5092 2043 5146 et
2066 5085 2100 5147 in

1351 5177 1554 5256 praescriptis
1570 5194 1585 5237 a
1600 5193 1635 5238 se
1649 5177 1772 5254 regulis
1787 5183 1882 5255 atque
1894 5179 2019 5240 statutis
2030 5178 2101 5241 nul-

1352 5271 1408 5334 libi
1424 5271 1550 5343 limitat,
1567 5286 1627 5333 nec
1638 5271 1777 5334 limitare
1792 5271 1954 5336 intellexit
1967 5271 2100 5334 Romani
2116 5301 2117 5305 =

1351 5365 1512 5429 pontificis
1537 5372 1744 5443 potestatem,
1775 5372 1812 5426 ut
1839 5381 1898 5428 nec
1918 5366 2101 5428 visitatores

1351 5460 1540 5539 apostolicos
1557 5459 1711 5536 deputare
1726 5465 1843 5538 posset,
1864 5475 1971 5537 neque
1985 5459 2053 5521 ullo
2067 5458 2100 5520 in

1351 5571 1424 5617 casu
1442 5553 1535 5617 alicui
1551 5569 1591 5616 ex
1606 5553 1697 5616 dictis
1711 5554 1834 5630 regulis
1854 5555 2022 5631 derogare.
2040 5553 2099 5616 lle·

1351 5662 1423 5710 rum
1441 5663 1500 5709 nec
1515 5645 1720 5708 enunciatum
1736 5644 1837 5707 breve
1853 5663 1867 5706 a
1891 5646 1983 5708 nobis
1998 5653 2035 5707 ut
2047 5660 2100 5706 su-

1352 5756 1407 5819 pra
1429 5741 1548 5812 datum,
1573 5740 1655 5802 circa
1676 5738 1831 5801 moniales
1856 5741 1939 5820 apud
1961 5739 2101 5803 Gonnin·

1351 5844 1441 5912 gton,
1458 5849 1565 5912 neque
1577 5835 1616 5895 de
1630 5832 1751 5911 templo
1766 5831 1962 5896 Londinensi
1975 5832 2101 5895 lesuitis

1351 5929 1507 5992 tradendo
1528 5927 1796 6006 Gongregationis
1818 5934 1930 5990 votum
1956 5926 2101 5989 adversa-
