4814 6992
97 577 147 630 An.
161 575 189 630 t..
205 573 275 630 1675
956 594 1099 640 cennens
1122 594 1171 638 rr.
1196 595 1227 639 1.
1811 569 1846 632 61
1905 570 1958 627 Aa.
1972 569 2000 626 G.
2015 567 2083 625 lbld

1121 711 1153 772 in
1176 723 1297 787 genere
1319 710 1372 772 vel
1394 711 1426 772 in
1449 709 1566 788 specio,
1584 726 1618 772 ac
1638 707 1714 770 alias
1736 721 1869 784 quomo·

1121 802 1242 866 dolibet
1263 804 1432 874 concessis,
1456 803 1652 866 confirmatis
1680 810 1712 863 et
1740 802 1869 862 innova-

1122 899 1170 958 tis.
1202 896 1322 971 Quibus
1345 897 1495 959 omnibus
1516 906 1550 958 et
1572 893 1720 972 singulis,
1745 893 1869 954 etiamsi

314 709 461 772 ctoritate
483 711 622 773 scienter
644 714 695 776 vel
717 715 906 789 ignoranter
924 713 1065 790 contige

314 802 358 876 rit
379 804 538 866 attentari.

118 910 294 958 etiamsolum
354 898 374 972 5
397 896 443 957 17.
468 896 538 959 Non
561 899 760 962 obstantibus
786 913 1065 976 quarumcumque

80 975 124 1019 que
145 965 294 1008 ‹orirnuiis

84 1017 243 1070 rvvrpiissvute
252 1019 294 1062 de

79 1077 157 1123 rogat.

316 989 420 1051 litium
445 991 615 1068 pendentia
637 992 771 1068 aliisque
802 993 994 1070 praemissis,
1018 1009 1063 1064 ac,

315 1089 472 1158 quatenns
494 1099 574 1162 opus
596 1085 647 1156 sit,
668 1092 775 1146 nostra
798 1093 830 1147 et
851 1084 1064 1148 Cancellariae

316 1175 515 1253 spostolicae
539 1179 650 1256 regula
673 1180 711 1240 de
733 1180 803 1241 iure
826 1179 970 1256 quaesito
1000 1195 1063 1240 non

316 1269 469 1340 tollendo,
492 1270 604 1331 aliisve
625 1272 803 1347 apostolicis
825 1287 859 1334 ac
881 1273 913 1332 in
935 1272 1064 1332 univer-

314 1361 433 1423 salibus
455 1363 767 1441 provincialibusque
796 1381 830 1426 ac
857 1363 1064 1443 synodalibus

314 1455 456 1516 conciliis
476 1456 568 1517 editis
585 1457 790 1534 generalibus
807 1458 858 1519 vel
873 1457 1063 1540 specialibus

314 1549 598 1612 constitutionibus
613 1558 646 1612 et
658 1551 922 1622 ordinationibus
937 1567 1063 1612 necnon

314 1640 479 1717 quibusvis
496 1643 590 1705 etiam
607 1645 800 1714 iuramento.
818 1645 1063 1708 confirmatione

313 1735 482 1812 apostolica
498 1737 550 1798 vel
566 1739 678 1814 quavis
694 1739 845 1800 firmitate
860 1738 919 1799 alia
933 1739 1062 1800 robora·

316 1829 1062 1910 tisstatutisetconsuetudinibus,styllselusi-

313 1923 384 1993 bus,
409 1922 502 1984 etiam
533 1924 856 1997 immemorabilibus,
886 1927 1062 2004 privilegiis

314 2030 454 2092 quoque,
466 2017 600 2078 indultis
613 2027 645 2079 et
660 2019 762 2080 literis
774 2020 953 2097 apostolicis
966 2022 1075 2100 etiarn,

313 2110 465 2172 ecclesiae
488 2109 628 2172 lauden.
648 2113 788 2190 eiusque
811 2115 1010 2191 praesulibus
1031 2126 1063 2178 61

312 2202 381 2264 61116
405 2205 550 2280 personis
565 2205 763 2282 quibuslibet
776 2208 836 2270 sub
856 2208 1061 2284 quibuscum-

312 2311 377 2373 que
392 2296 566 2360 verborum
586 2300 751 2361 tenoribus
763 2308 796 2362 et
807 2301 930 2374 formis,
945 2310 1061 2365 etcum

312 2391 480 2466 quibusvis
503 2393 597 2454 etlam
624 2395 900 2471 derogatoriarum
930 2396 1062 2472 deroga-

313 2485 403 2546 toriis
425 2485 559 2562 aliisque
575 2487 814 2558 efficacioribus,
836 2490 1061 2552 efficacissimis

312 2587 344 2638 et
366 2579 502 2640 insolitis
524 2580 674 2642 clausulis
697 2581 960 2659 irritantibusque
983 2592 1015 2644 et
1032 2599 1061 2642 a·

312 2672 363 2732 liis
384 2673 520 2734 decretis
537 2674 569 2736 in
587 2675 782 2736 contrarium
797 2677 1059 2754 praemissorum,

1122 1005 1178 1068 pro
1201 990 1330 1052 illorum
1353 991 1523 1054 sufficienti
1546 990 1754 1067 derogatione
1777 990 1816 1050 de
1833 987 1868 1049 il-

1120 1082 1158 1143 lis
1187 1098 1368 1160 eorumque
1399 1084 1472 1145 totis
1501 1083 1679 1154 tenoribus,
1710 1081 1866 1158 specialis,

1120 1177 1282 1254 specifica,
1320 1192 1470 1255 expressa
1502 1185 1534 1239 et
1566 1175 1728 1238 individua
1764 1191 1797 1236 ac
1828 1175 1868 1236 de

1120 1269 1220 1331 verbo
1242 1271 1279 1332 ad
1303 1272 1450 1341 verbum,
1474 1287 1538 1334 non
1565 1277 1671 1332 autem
1699 1285 1756 1346 per
1785 1267 1867 1330 clau-

1119 1363 1203 1426 sulas
1227 1363 1395 1440 generales
1417 1363 1503 1424 idem
1528 1362 1749 1439 imponantes,
1779 1375 1866 1420 men-

1120 1458 1163 1518 tio
1185 1474 1242 1518 sou
1272 1458 1403 1534 quaevis
1430 1455 1595 1534 expressio
1623 1453 1783 1524 babendo,
1814 1459 1868 1513 aut

1119 1551 1223 1628 aliqua
1237 1552 1296 1613 alia
1309 1551 1464 1628 exquisita
1476 1549 1578 1611 lorma
1590 1549 1626 1610 ad
1642 1548 1700 1609 boc
1712 1547 1866 1608 servanda

1119 1643 1212 1716 16161,
1239 1651 1365 1706 tenores
1390 1641 1584 1715 huiusmodi,
1609 1658 1642 1702 ac
1664 1641 1689 1702 si
1712 1640 1751 1702 de
1766 1638 1866 1702 verbo

1118 1738 1153 1798 ad
1179 1737 1315 1800 verbum
1338 1737 1418 1800 nibil
1442 1737 1568 1815 penitus
1584 1735 1703 1796 omisso
1718 1739 1750 1794 et
1765 1732 1867 1794 lorma

1119 1831 1150 1892 in
1177 1831 1239 1892 illis
1270 1832 1381 1892 tradita
1409 1831 1574 1892 observata
1605 1828 1867 1906 exprimerentur

1118 1931 1151 1986 et
1171 1920 1407 1994 insererentur,
1436 1923 1656 2002 praesentibus
1685 1936 1743 1998 pro
1773 1919 1866 1997 plene

1118 2026 1151 2079 61
1163 2017 1360 2080 sufficienter
1374 2020 1535 2096 expressis
1558 2025 1590 2080 et
1604 2015 1733 2078 insertis
1750 2014 1867 2076 baben-

1120 2118 1177 2182 tes,
1201 2111 1263 2172 illis
1285 2111 1359 2172 alias
1375 2113 1406 2172 in
1423 2127 1482 2173 suo
1497 2111 1614 2174 robore
1635 2107 1864 2186 permansuris,

1117 2207 1153 2265 ad
1172 2205 1420 2282 praemissorum
1436 2205 1597 2276 ellectum,
1621 2204 1676 2265 bac
1692 2203 1760 2262 vice
1776 2202 1866 2262 dom-

1119 2306 1212 2369 11161,
1229 2298 1409 2376 specialiter
1431 2305 1464 2360 et
1485 2313 1637 2376 expresse
1653 2297 1864 2372 derogamus3

1116 2391 1298 2468 ceterisque
1319 2391 1485 2453 contrariis
1511 2391 1779 2468 quibuscumque.

1157 2485 1269 2546 [latum
1292 2483 1421 2558 Romae,
1444 2486 1525 2563 apud
1556 2482 1587 2546 S.
1616 2482 1745 2544 blariam
1774 2481 1865 2542 bloio·

1117 2593 1198 2649 rem,
1221 2577 1280 2639 sub
1299 2577 1418 2640 annulo
1434 2577 1611 2649 Piscatoris,
1629 2577 1739 2638 diem.
1756 2573 1864 2652 aprilis

1117 2689 1294 2744 uoouxuv„
1320 2676 1519 2750 pontificatus
1542 2677 1644 2740 nostri
1667 2690 1749 2735 anno
1774 2691 1802 2735 v.
