4884 6994
580 545 639 618 444
921 537 943 611 P

599 682 892 750 PENSlLVthhE
929 699 961 746 v.
997 682 1244 748 Scrootooeorir
1280 673 1321 744 in'

561 783 726 846 Americoc
745 787 823 860 sept.

600 873 812 938 PEEShlllill
837 873 868 935 in
886 889 999 945 regno,
1019 872 1258 954 Aspohoccosis
1273 870 1312 932 E-

562 973 707 1050 piscopus
740 970 877 1031 donatur
911 967 1056 1047 pluribus
1089 965 1310 1034 facultatibus,

559 1080 640 1143 quae
662 1063 698 1126 ad
721 1078 811 1124 casus
834 1069 1016 1124 reservatos
1039 1069 1099 1122 etc.
1123 1060 1312 1122 reieruntur

558 1159 582 1231 4,
601 1155 674 1231 446,
698 1155 836 1233 Principi
851 1161 993 1232 aguntur
1009 1155 1128 1230 gratiae
1151 1153 1191 1214 ob
1203 1167 1313 1214 exem·

560 1253 702 1330 ptionem
714 1247 932 1310 Armenorum
945 1245 1105 1324 praefecto
1118 1241 1309 1316 concessam,

561 1343 741 1408 streniam
769 1343 843 1404 huic
865 1341 967 1404 datam
991 1339 1157 1418 Evangelii
1191 1337 1313 1418 praedi·

560 1439 649 1502 candi
672 1447 732 1500 etc.
750 1435 801 1510 Ν,
819 1433 895 1510 706,
921 1436 1127 1514 Episcopatus
1144 1433 1312 1514 Hirpobort

560 1532 767 1595 constituitur
789 1537 849 1593 etc.
877 1527 999 1604 v1‚tttt;
1023 1526 1142 1592 04444
1161 1529 1312 1604 regiones

560 1622 615 1688 nni
629 1633 751 1689 tantum
766 1624 918 1701 Delegato
931 1623 988 1702 hp.
999 1623 1248 1684 committuntur
1262 1619 1310 1690 vt.

559 1720 635 1797 344,
660 1719 822 1798 Episcopis
845 1725 877 1780 et
892 1717 1041 1781 fidelibus
1063 1715 1214 1779 chaldaici
1231 1716 1312 1776 ritus

560 1815 730 1878 traduntur
743 1812 884 1883 consilia,
896 1819 932 1873 ut
942 1812 1039 1875 iidem
1052 1819 1167 1872 sartam
1183 1817 1312 1872 tectam·

560 1924 622 1986 que
645 1913 778 1969 servent
793 1903 863 1978 Vl*‚
885 1905 957 1979 454,
974 1903 1169 1967 Constitutio
1190 1903 1310 1982 proprii

560 2009 592 2064 et
613 2001 752 2062 distincti
776 1999 918 2076 Delegati
942 1998 999 2076 hp.
1018 1995 1089 2069 Vl*,
1106 1997 1166 2059 446
1182 2006 1213 2058 44
1235 1994 1310 2066 440,

560 2096 656 2173 Regia
686 2093 870 2172 exposcitur
896 2091 1125 2154 catholicorum
1156 2092 1312 2169 protectio

561 2188 631 2262 444,
649 2190 723 2260 464,
741 2187 836 2265 Regis
851 2185 1029 2266 postulatur
1045 2185 1137 2246 venia
1154 2185 1312 2248 redeundi

559 2285 595 2346 ad
619 2283 739 2347 Urbem
761 2281 874 2344 lullam
891 2295 949 2358 pro
969 2278 1125 2356 Episcopo
1142 2277 1311 2354 hspahami

561 2385 593 2438 et
614 2375 798 2438 Carmelitis
820 2372 946 2436 discalc.
972 2369 1035 2442 Vll,
1060 2368 1108 2432 70.

600 2466 821 2533 PllhRENSlS
843 2467 943 2528 dioec.
968 2465 1145 2528 iurisdictio
1167 2461 1219 2534 Ν,
1241 2460 1310 2524 700.

600 2559 830 2625 PillLlPPlNlS
846 2561 877 2621 in
894 2560 1006 2621 insulis
1018 2567 1078 2620 444.
1094 2573 1124 2619 v.
1139 2558 1199 2620 sub
1212 2556 1311 2619 verbo

563 2657 728 2721 Occortioe.

600 2746 868 2814 PlSTORlENSlS
883 2747 997 2826 synodi
1013 2754 1079 2810 acta
1092 2747 1261 2808 continens
1276 2745 1312 2806 li-

562 2848 617 2908 ber
640 2843 745 2908 italico
767 2843 919 2904 idiomate
946 2841 1122 2919 impressus
1152 2847 1212 2901 etc.
1242 2855 1313 2917 pro-

560 2939 691 3001 hibetur
714 2944 775 2999 etc.
799 2933 852 3006 Ν,
875 2933 945 2997 390.

601 3027 731 3093 POENh
760 3035 871 3092 contra
900 3027 1114 3104 impedientes
1147 3025 1314 3104 religioso-

561 3143 634 3188 rnm
651 3123 819 3186 missiones
836 3129 896 3184 etc.
914 3121 1106 3184 constitutae
1122 3119 1144 3192 l,
1161 3121 1228 3192 443,
1243 3119 1312 3190 444,

561 3221 630 3291 443,
648 3217 721 3293 454,
745 3217 862 3280 Contra
885 3215 950 3292 legi
971 3215 1164 3276 residentiae
1180 3231 1244 3276 non
1261 3213 1314 3276 ob-

563 3319 779 3391 temperantes
787 3310 814 3382 -l,
827 3307 881 3370 464
897 3306 950 3390 Ν.
961 3308 1056 3370 etiam
1069 3307 1119 3379 lll,
1129 3307 1217 3387 494),
1235 3307 1332 3382 644-Ι

563 3415 610 3468 tra
637 3404 845 3466 Discalceatos
873 3403 905 3463 in
936 3400 975 3464 ll.
1006 3399 1155 3464 Carmclo
1188 3402 1210 3474 l,
1237 3399 1314 3476 467,

562 3501 679 3563 Contra
696 3497 881 3574 redigentes
898 3496 930 3556 in
944 3495 1137 3558 servitutem
1154 3495 1206 3557 vel
1224 3496 1315 3558 bonis

562 3592 761 3671 expoliantes
783 3590 877 3652 indos
900 3583 963 3652 etc.
995 3587 1020 3661 l,
1053 3587 1110 3650 470
1136 3587 1189 3667 (ll.
1219 3589 1314 3652 etiam

563 3686 611 3758 444,
636 3686 703 3765 46),
726 3683 843 3747 Contra
866 3683 1050 3746 detinentes
1073 3681 1153 3744 bona
1183 3683 1316 3760 quaevis

562 3781 598 3843 ad
622 3781 689 3842 loca
712 3777 829 3840 Terrae
853 3776 984 3840 Sanctae
1006 3778 1178 3856 spectantia
1201 3776 1224 3849 4,
1243 3773 1314 3847 444,

562 3873 652 3946 4444,
679 3871 750 3948 436,
767 3872 885 3934 Contra
907 3869 1148 3942 ecclesiasticos,
1173 3886 1317 3949 praesor-

563 3969 618 4030 tim
633 3967 811 4044 religiosos,
827 3971 1038 4026 mercaturam
1052 3973 1241 4026 exercentes
1252 3972 1313 4026 etc.

561 4063 584 4134 4,
601 4059 660 4124 390
681 4059 733 4142 (t'.
752 4059 847 4122 etiarn
870 4057 919 4130 444,
940 4055 1004 4137 40),
1025 4057 1142 4121 Contra
1164 4073 1315 4120 exercen-

561 4165 609 4220 tes
624 4141 813 4234 pontiflcalia
829 4163 918 4216 extra
936 4153 1109 4216 dioecesim
1125 4152 1245 4228 absque
1260 4151 1316 4215 04·-

560 4250 758 4312 dinariorum
777 4263 936 4310 consensu
952 4246 974 4318 l,
992 4247 1062 4322 444,
1084 4245 1201 4308 Contra
1218 4247 1314 4308 eden-

562 4354 609 4408 tes
631 4343 746 4421 scripta
769 4343 808 4404 de
833 4341 1037 4403 missionibus
1052 4340 1172 4418 absque
1187 4357 1213 4402 s.
1233 4340 1315 4402 Con·

561 4437 757 4514 gregationis
790 4436 822 4498 P.
855 4435 886 4497 F.
922 4435 1015 4496 venia
1046 4434 1068 4506 4,
1092 4434 1167 4507 447,
1196 4432 1314 4497 Contra

560 4529 800 4592 emendicantes
823 4528 945 4592 litteras
967 4527 1180 4605 deputationis
1208 4529 1239 4588 in
1266 4527 1313 4588 l'i-

560 4623 682 4686 carium
699 4620 884 4699 generalem
900 4631 961 4684 otc.
980 4620 1002 4692 4,
1019 4619 1211 4697 44744444,
1231 4621 1313 4684 Con-

561 4723 607 4778 tra
620 4717 864 4778 inobservantes
876 4714 1123 4778 constitutiones
1135 4722 1235 4794 apost.
1250 4723 1310 4777 etc.

562 4811 593 4872 in
615 4807 824 4872 Orientalium
843 4809 986 4886 partibus
997 4807 1019 4880 l,
1033 4807 1107 4883 449,
1126 4808 1243 4872 Contra
1263 4826 1312 4872 re-

561 4911 699 4966 nuentes
714 4902 883 4964 Maronitas
901 4910 962 4964 etc.
983 4900 1057 4976 004,
1080 4901 1200 4965 Contra
1218 4904 1312 4966 0444-

560 5015 613 5061 cos
629 4998 797 5076 pecuniam
813 5003 874 5059 etc.
888 5006 1082 5074 quaerentes
1095 4997 1129 5070 44,
1144 4997 1213 5074 470,
1232 4998 1312 5061 Con·

561 5099 608 5154 tra
630 5092 855 5154 inobedientes
869 5091 1050 5170 apostolicis
1076 5093 1311 5156 constitutioni·

561 5185 620 5247 bus
643 5186 682 5248 de
697 5185 811 5247 ritihus
828 5183 1022 5248 llalabaricis
1038 5183 1074 5256 44,
1093 5184 1173 5258 604,
1192 5184 1311 5249 Contra

560 5277 1312 5342 intercutesdamnaincoliscathoiicisPathmos

560 5371 609 5444 ill,
632 5373 686 5448 44,
709 5371 826 5435 Contra
849 5371 1056 5435 sollicitantes
1072 5379 1104 5434 et
1121 5374 1311 5452 complicem

559 5469 592 5530 in
615 5473 742 5546 peccato
764 5465 849 5544 turpi
865 5465 1069 5530 absolventes
1085 5465 1135 5538 444,
1151 5467 1209 5542 444,
1232 5467 1313 5530 Con-

561 5567 607 5622 tra
624 5558 831 5621 mercimonia
847 5565 1035 5622 exercentes
1047 5559 1079 5620 in
1095 5559 1314 5640 eleemosynis

562 5669 619 5732 pro
642 5651 808 5714 lllissarum
831 5652 1047 5715 celebratione
1063 5653 1174 5715 oblatis
1190 5653 1237 5726 444,
1255 5653 1312 5730 40,

562 5747 680 5810 Contra
702 5745 902 5809 celebrantes
918 5745 1044 5808 Missam
1061 5754 1093 5810 et
1105 5764 1185 5810 sacr.
1203 5748 1314 5810 Poeni·

562 5842 680 5902 tentiae
703 5841 922 5902 ministrantes
938 5856 1002 5902 non
1019 5841 1055 5903 ad
1073 5840 1315 5920 presbyteratus

563 5935 712 5996 ordinem
727 5943 891 6013 promotos
905 5933 953 6007 444,
969 5933 1026 6008 430
1040 5942 1073 5998 44
1083 5933 1142 5996 689
1155 5933 1207 6016 (V.
1219 5936 1313 5998 etiam

1156 562 1254 610 rnncx
1276 561 1520 612 xtnnxaarrcos
1736 539 1757 612 i

1368 679 1417 755 444,
1441 681 1530 762 693),
1547 683 1664 748 Contra
1684 685 1895 748 444444444444
1912 685 2123 764 exquirentes

1367 792 1383 836 a
1407 778 1646 854 poenitentibus
1668 780 1832 856 complicis
1854 795 1975 842 nomen
1997 777 2046 850 444,
2062 777 2123 842 483

1368 879 1400 930 44
1415 868 1486 946 304,
1502 870 1619 934 Contra
1633 871 1836 950 negligentes
1853 873 2000 934 ordinem
2014 873 2123 934 obser-

1369 964 1509 1025 vandum
1532 965 1564 1026 in
1581 963 1703 1028 iudiciis
1719 981 1817 1042 super
1835 966 1983 1028 nullitate
2003 965 2123 1043 proies·

1368 1056 1467 1117 sionis
1491 1058 1649 1134 regularis
1673 1057 1720 1131 444,
1744 1059 1825 1135 344,
1842 1058 1960 1122 Contra
1979 1059 2123 1122 duellan-

1369 1156 1416 1212 tes
1449 1149 1497 1224 lli,
1527 1152 1604 1226 646,
1639 1151 1756 1215 Contra
1785 1152 1960 1230 Regulares
1994 1151 2123 1214 benedi·

1367 1243 1506 1306 ctionem
1541 1245 1764 1324 impertientes
1792 1246 1913 1323 absque
1941 1243 2124 1308 040444444-

1369 1353 1440 1399 444
1466 1339 1592 1401 licentia
1615 1338 1666 1412 Ν,
1688 1339 1746 1416 94,
1769 1341 1887 1403 Contra
1911 1349 2066 1420 ponentes
2090 1342 2123 1403 in

1368 1431 1521 1495 altaribus
1545 1434 1664 1511 tiguras
1694 1435 1841 1513 profanas
1869 1443 1931 1498 etc.
1961 1434 2012 1507 li,
2046 1437 2122 1512 464,

1367 1523 1485 1588 Contra
1509 1527 1730 1604 ingredientes
1747 1529 1978 1592 monasterium
2003 1531 2125 1592 monia-

1368 1617 1445 1678 lium
1471 1627 1531 1681 etc.
1556 1619 1607 1692 Ν,
1635 1621 1691 1682 488
1713 1623 1833 1698 44677,
1851 1624 1967 1686 Contra
1991 1625 2125 1703 patriar-

1368 1713 1479 1774 chatus
1496 1721 1555 1775 etc.
1574 1715 1755 1778 invasorem
1768 1715 1821 1790 Ν,
1836 1717 1907 1793 449,
1931 1717 2048 1783 Contra
2063 1719 2125 1780 lla·

1369 1805 1546 1868 ronitarum
1570 1807 1785 1872 Patriarcham
1801 1819 1861 1874 etc.
1880 1811 1930 1884 Ν,
1948 1813 2022 1886 444,
2041 1812 2124 1875 Con-

1369 1908 1415 1960 tra
1438 1900 1584 1978 legentes
1613 1904 1844 1967 catechismum
1874 1907 1997 1984 aliaque
2027 1922 2124 1984 opera

1369 1993 1426 2071 Ep.
1450 1994 1601 2058 Germani
1625 1997 1735 2060 hdami
1759 1997 1809 2068 Ν,
1823 1998 2019 2076 64444644,
2041 1999 2124 2064 Con-

1369 2096 1415 2148 tra
1444 2088 1694 2167 babylonensem
1727 2091 1960 2156 Chaldaeorum
1991 2093 2125 2156 Patriac-

1368 2183 1458 2243 cham
1483 2191 1542 2246 etc.
1569 2183 1605 2256 ll,
1623 2183 1682 2246 464
1698 2193 1730 2248 44
1743 2185 1820 2262 606,
1837 2187 1955 2250 Contra
1977 2187 2123 2250 sacerdo-

1369 2283 1433 2336 tem
1458 2277 1631 2354 parochum
1657 2280 1688 2342 in
1711 2280 1849 2344 schisma
1871 2278 2123 2359 prolapsumlll,

1368 2369 1443 2440 7t5;
1467 2370 1584 2434 Contra
1603 2373 1747 2436 aedituos
1764 2375 1971 2438 Gibraltariae
1987 2375 2125 2438 auctori-

1369 2471 1465 2526 tatem
1499 2463 1610 2528 l'icarii
1643 2466 1700 2545 hp.
1735 2475 1767 2530 et
1795 2485 1820 2530 s.
1853 2468 2125 2546 Congregationis

1368 2567 1613 2622 contemnentes
1637 2559 1674 2632 ll,
1697 2560 1774 2636 484,
1797 2561 1915 2624 Contra
1931 2573 2126 2642 usurpantes

1367 2654 1588 2716 auctoritatem
1612 2662 1645 2716 44
1666 2656 1827 2718 schismati
1850 2655 1994 2719 lavantes
2016 2659 2047 2719 in
2073 2657 2126 2719 lli-

1368 2747 1537 2810 cariatibus
1560 2747 1617 2828 hp.
1636 2757 1697 2812 etc.
1716 2747 1766 2822 Vl,
1782 2748 1850 2824 467,
1867 2751 1984 2813 Contra
1997 2751 2127 2830 Episco-

1370 2855 1445 2918 pum
1476 2841 1583 2903 Rocho
1606 2841 1772 2906 nolentem
1789 2844 1976 2921 relinquere
1993 2845 2126 2906 44444444-

1370 2934 1449 2996 riam
1464 2933 1513 3006 Vl,
1524 2933 1600 3012 383,
1625 2935 1742 2999 Contra
1758 2937 1898 3000 electum
1914 2945 1947 3000 44
1965 2939 2126 3001 electores

1369 3027 1587 3090 schismaticos
1601 3031 1631 3092 in
1647 3031 1818 3093 Armeniae
1834 3031 2046 3094 Patriarcham
2060 3040 2124 3094 etc.

1374 3119 1441 3194 Vl*‚
1468 3123 1543 3198 443,
1578 3123 1695 3186 Contra
1717 3125 1880 3187 schismati
1903 3127 2123 3188 4444444444

1371 3214 1513 3278 faventes
1532 3215 1600 3290 444,
1627 3219 1701 3294 454,
1725 3218 1843 3281 Contra
1858 3220 1948 3282 virus
1971 3223 2125 3283 massoni·

1371 3324 1443 3370 cum
1467 3319 1622 3386 sugentes
1645 3307 1715 3383 Vl*‚
1742 3311 1817 3388 493,
1844 3311 1961 3376 Contra
1984 3315 2123 3392 pseudo·

1371 3403 1557 3481 episcopum
1576 3405 1667 3480 regni
1688 3405 1855 3467 Borussiac
1869 3403 1938 3476 Ν,
1952 3404 2023 3480 404,
2041 3405 2126 3468 Con·

1373 3503 1419 3556 tra
1447 3495 1639 3560 schismatici
1656 3497 1820 3560 Helvetiae
1844 3499 1994 3576 gnbernii
2011 3501 2124 3577 legum

1371 3598 1518 3653 auctores
1537 3599 1570 3654 et
1592 3601 1781 3654 executores
1809 3589 1878 3666 Vl*‚
1902 3593 1979 3670 406,
2003 3593 2126 3658 Contra

1372 3685 1431 3746 sibi
1447 3693 1640 3762 usurpantes
1662 3685 1800 3748 cilicium
1819 3687 1947 3764 parochi
1962 3705 2020 3752 seu
2042 3689 2126 3750 vica-

1372 3779 1422 3850 rii,
1447 3779 1609 3858 popularis
1631 3780 1797 3842 electionis
1819 3779 2023 3854 intuitul'l*‚
2047 3781 2124 3855 436,

1372 3871 1488 3934 Contra
1511 3889 1545 3934 se
1561 3873 1715 3936 ducentes
1728 3875 1761 3936 in
1777 3875 1945 3951 regionem
1964 3873 2125 3937 llalabarii

1372 3966 1441 4028 sine
1457 3965 1492 4028 44.
1510 3967 1671 4029 Pontificis
1700 3967 1792 4030 venia
1816 3967 1886 4038 444,
1910 3968 1969 4030 443
1991 3977 2024 4030 44
2044 3968 2123 4046 480,

1371 4059 1488 4122 Contra
1510 4060 1543 4122 in
1566 4059 1773 4124 ecclesiarum
1791 4062 1951 4138 regimen.
1969 4063 2065 4125 unius
2081 4066 2124 4125 ci-

1370 4153 1443 4214 vilis
1459 4152 1657 4214 auctoritatis
1680 4153 1836 4230 praesidio
1859 4153 2018 4226 44044444,
2051 4171 2124 4220 4444

1370 4247 1575 4310 intrudentes
1606 4244 1675 4318 444,
1706 4246 1783 4322 487,
1816 4245 1934 4309 Contra
1970 4265 2124 4312 exercen-

1370 4349 1436 4402 tem
1458 4341 1526 4404 iura
1548 4339 1736 4418 episcopalia
1760 4349 1830 4418 post
1845 4341 1913 4403 eius
1929 4341 2122 4406 electionem

1369 4450 1384 4493 a
1415 4433 1698 4512 pseudocanonicis
1729 4432 1841 4496 iactam
1874 4443 1933 4497 etc.
1964 4433 2033 4506 lll*‚
2062 4435 2125 4498 460

1369 4533 1401 4588 44
1428 4527 1505 4602 473,
1538 4526 1656 4588 Contra
1688 4526 1879 4605 Babyloniae
1909 4528 2123 4592 Patriarcham

1372 4617 1440 4692 Vl*‚
1463 4619 1532 4683 306.

1409 4713 1701 4778 ΡΟΕΝΝΕΝΤΙΑΕ
1713 4716 1752 4777 de
1763 4724 1972 4787 sacramento.
1986 4717 2026 4778 de
2038 4733 2124 4780 com-

1369 4808 1458 4887 plicis
1481 4809 1683 4871 coniessione
1706 4817 1766 4870 etc.
1798 4807 1846 4880 444,
1876 4809 1926 4882 45,
1957 4809 2026 4881 446,
2051 4809 2121 4884 430,

1367 4901 1437 4974 483,
1460 4902 1531 4964 364.

1408 4993 1651 5060 POLOEENSlS
1680 4997 1809 5075 collegii
1839 4995 1909 5060 Soc.
1937 4997 2009 5061 lesu
2038 5001 2124 5063 inter

1368 5090 1544 5168 Regulares
1567 5097 1599 5152 et
1614 5089 1899 5170 Archiepiscopnm
1917 5095 2021 5171 graeci
2041 5095 2123 5158 ritus

1367 5185 1444 5247 inita
1456 5185 1625 5248 concordia
1637 5199 1735 5262 super
1747 5185 1920 5250 donatione
1931 5195 1990 5249 etr.
2006 5187 2056 5260 Ν,
2071 5189 2120 5250 77.

1407 5277 1603 5343 POLONlhE
1627 5278 1751 5340 Nuncio
1766 5279 1859 5341 datur
1872 5280 2002 5344 lacultas
2017 5299 2122 5346 reser-

1367 5377 1462 5438 vandi
1486 5375 1543 5436 tria
1572 5374 1726 5437 beneficia
1755 5375 1967 5438 ecclesiastica
1996 5377 2028 5440 in
2059 5379 2122 5440 sin-

1369 5468 1452 5547 gulis
1474 5479 1534 5531 etc.
1566 5468 1720 5540 ecclesiis,
1745 5483 1803 5546 pro
1833 5469 1979 5546 personis
2001 5489 2016 5530 a
2043 5487 2121 5550 rege

1369 5563 1572 5626 nominandis
1595 5562 1616 5632 4,
1633 5563 1710 5637 434,
1734 5561 1911 5641 Episcopus
1926 5566 2061 5627 docetur
2082 5567 2122 5629 de

1370 5657 1466 5720 modo
1487 5673 1521 5718 se
1544 5657 1678 5733 gerendi
1701 5657 1732 5718 in
1755 5659 1969 5720 concedendis
1995 5659 2121 5738 dispen-

1370 5749 1545 5812 sationibus
1569 5751 1858 5816 matrimonialibus
1880 5752 1964 5814 inter
1986 5753 2121 5816 haereti-

1370 5860 1423 5906 cos
1439 5851 1471 5906 et
1486 5844 1658 5908 catholicos
1669 5843 1719 5916 444,
1733 5845 1808 5920 344,
1826 5845 1870 5908 04
1886 5845 2121 5925 dispensatione

1371 5953 1520 6000 concessa
1542 5939 1574 5999 in
1598 5939 1804 6002 matrimonio
1826 5941 1964 6002 duorum
1986 5940 2121 6004 haereti·
