4836 7002
880 569 1056 616 obsecutus
1077 571 1129 616 FP.
1153 571 1218 617 xvi.

269 683 355 746 inter
380 685 506 748 easdem
536 685 692 748 moniales
715 685 917 764 perturbatae
945 703 1018 749 oon-

269 777 462 851 suleremus,
486 778 546 842 sub
567 787 678 842 nostro
705 787 737 842 et
763 779 894 842 Sanctae
923 781 1018 844 buius

270 872 360 935 Sedis
376 874 552 951 patrocinio
567 875 744 952 posuimus,
763 879 804 946 et,
819 874 952 938 alterius
967 891 1019 936 cu-

271 965 1020 1047 luscumqueiurisdictionemsuspendentes,in

269 1060 338 1121 eius
360 1067 578 1138 protectorem
600 1067 632 1124 et
654 1067 800 1124 nostrum
816 1061 852 1123 ad
869 1077 921 1123 res
934 1061 1019 1124 illius

270 1154 456 1216 monasterii
477 1155 713 1233 componendas
736 1154 896 1217 Vicarium
923 1155 1020 1234 depu-

271 1248 407 1310 tavimus
429 1248 580 1310 dilectum
605 1247 708 1311 fllium
729 1247 822 1311 Gard.
852 1249 956 1321 Weld,
984 1255 1021 1311 ut

271 1342 349 1419 ipse,
366 1341 428 1403 rite
449 1350 616 1420 comperto
632 1343 706 1405 dicti
721 1343 907 1406 monasterii
923 1349 1018 1416 statu,

270 1435 416 1512 impense
431 1442 524 1498 curet
538 1451 646 1514 pacem
663 1442 874 1513 mutuamque
890 1452 1021 1499 concor-

271 1528 355 1590 diam
377 1528 561 1600 restituere,
585 1529 762 1606 legumque
785 1530 1020 1592 observantiam

270 1621 443 1684 custodire.

310 1731 344 1776 ιι.
373 1715 539 1778 Declarant
567 1723 731 1795 praeterea
760 1733 794 1780 se
826 1734 1022 1797 magnopere

271 1809 345 1888 augi
366 1810 485 1881 animo,
508 1826 547 1872 eo
568 1811 643 1887 quia
663 1827 698 1872 se
720 1818 809 1873 certo
831 1812 913 1874 scire
940 1813 1022 1874 arbi-

273 1911 397 1965 trantur
417 1903 536 1966 Romae
557 1904 688 1981 degere,
706 1905 761 1982 qui
775 1905 858 1984 apud
879 1915 1020 1970 nostram

271 1997 563 2075 Congregationem
580 1999 619 2062 de
631 1999 834 2076 Propaganda
846 1999 922 2062 Fide
935 2001 1022 2062 ouini

272 2106 331 2169 ope
352 2098 502 2164 utuntur,
526 2100 562 2154 ut
592 2091 747 2170 templum
771 2101 919 2155 recenter
942 2095 1022 2156 bon-

272 2185 338 2247 dini
359 2185 559 2248 aedificatum
582 2186 637 2248 PP.
655 2183 820 2250 Societatis
837 2187 905 2248 lesu
923 2189 1022 2251 trada-

273 2287 336 2352 tur,
352 2287 388 2342 ut
410 2293 513 2341 novus
536 2280 626 2342 locus
649 2280 808 2342 missionis
828 2282 860 2343 in
877 2283 1021 2345 districtu

273 2371 521 2451 Septentrionali
543 2373 599 2434 PP.
623 2373 849 2447 benedictinis,
868 2375 1022 2454 Episcopo

272 2467 373 2529 inrito
395 2485 429 2528 ac
451 2469 623 2539 renitente,
643 2468 835 2545 assignetur.

311 2578 358 2622 ιιι.
382 2559 590 2624 contendunt
603 2570 711 2623 autern
728 2569 902 2625 memorata
918 2565 1023 2626 omnia

272 2671 454 2734 repugnare
470 2662 539 2717 tum
551 2655 673 2732 regulis
684 2655 818 2718 istarum
834 2658 1022 2721 missionum

273 2765 288 2808 a
303 2748 475 2810 Benedicto
488 2746 568 2810 Xlll.
583 2749 797 2826 praescriptis,
814 2757 882 2811 tum
900 2759 1023 2828 aposto-

273 2841 341 2904 licis
362 2841 478 2906 litteris
501 2841 546 2902 Pii
569 2840 647 2912 llll..
680 2843 851 2919 inquibus
879 2845 1023 2907 Ponlilex

273 2937 428 3000 certiores
449 2935 523 2998 lacit
543 2933 684 2997 llicarios
717 2935 913 3013 xpostolioos
938 2939 1024 3000 illius

272 3030 439 3108 temporis,
463 3046 498 3091 se
520 3029 552 3090 in
581 3029 736 3090 mandatis
765 3029 890 3092 dedisse
918 3032 1023 3094 eidem

273 3123 522 3203 Congregationi
537 3129 583 3192 ut,
598 3124 725 3200 quando
739 3124 845 3200 agitur
861 3125 899 3187 de
915 3127 1025 3202 gratiis

273 3227 305 3282 et
326 3217 515 3298 privilegiis,
538 3218 624 3278 trnde
650 3217 728 3279 ordo
754 3219 786 3278 in
819 3219 1025 3282 missionibus

272 3320 409 3375 statutus
424 3313 664 3383 immutaretur,
681 3327 716 3374 ea
733 3310 867 3374 Summo
881 3313 1025 3376 Pontifici

273 3423 338 3470 non
360 3416 516 3484 proponat
538 3405 751 3478 concedenda,
776 3406 836 3468 nisi
865 3407 951 3483 prius
980 3409 1026 3469 vi·

273 3501 434 3565 carlorum
466 3497 715 3578 apostolicorum
747 3501 940 3563 sententiam
972 3517 1026 3563 ex-

274 3594 432 3672 quisierit.

315 3704 357 3749 xv.
380 3685 580 3765 Quapropter
601 3704 617 3747 a
639 3687 731 3750 nobis
753 3689 848 3750 enixe
864 3689 1026 3766 postulant

274 3791 311 3845 ut
331 3788 447 3846 statuta
474 3797 509 3843 ao
535 3781 680 3843 mandata
712 3781 903 3844 eorumdem
936 3797 1025 3860 prae-

275 3877 482 3939 decessorum
505 3881 691 3937 nostrorum
714 3875 811 3937 simul
841 3883 873 3938 et
894 3875 1025 3938 ricario-

273 3986 347 4032 rum
369 3969 439 4031 iura
460 3969 627 4031 iubeamus
650 3968 800 4031 inviolata
822 3971 956 4031 servari.

313 4062 398 4137 Quae
423 4061 620 4124 vicariorum
643 4061 900 4140 Apostolicorum
930 4079 1025 4141 expo-

273 4157 463 4219 stulationes
491 4165 524 4219 et
552 4155 784 4234 querimoniae,
817 4164 937 4233 quanto
968 4173 1024 4219 nos

273 4265 426 4313 moerore
446 4249 612 4312 allecoriut
633 4267 666 4312 ac
689 4249 811 4321 dolore,
837 4250 889 4310 vix
920 4251 1025 4329 expri-

274 4359 366 4406 mere
397 4359 580 4422 possumus,
610 4359 674 4405 non
711 4343 842 4420 quidem
875 4343 960 4422 stylo
991 4361 1025 4407 ac

274 4437 383 4500 verbis
405 4436 522 4514 quibus
544 4443 764 4514 exponuntur,
787 4435 843 4498 sed
865 4435 968 4499 iorma
991 4455 1025 4500 ao

275 4533 451 4610 proposito.
468 4529 598 4598 Formo,
615 4529 688 4607 quia
710 4530 851 4607 speciem
866 4531 1026 4608 praesefe-

274 4631 352 4687 runt
372 4623 614 4702 conspirationis
636 4623 856 4700 solemnisque
873 4631 1025 4702 protesta-

277 4719 370 4782 tionis
403 4717 593 4779 eornmdem
626 4714 827 4778 vicariorum
856 4725 965 4780 contra
993 4717 1023 4780 id

275 4813 362 4890 quod
385 4810 437 4874 rol
458 4827 474 4872 a
495 4810 588 4873 nobis
611 4810 728 4873 lactum
751 4812 881 4882 estrei
904 4828 962 4874 nos
984 4811 1025 4873 la-

276 4916 385 4970 cturos
405 4913 459 4968 aut
480 4921 690 4968 concessuros
712 4905 925 4985 suspicantur.
949 4905 1026 4969 Pro-

274 5001 375 5081 posito
396 5007 516 5072 autem,
533 5000 606 5076 quia
621 5015 678 5061 nos
701 5006 733 5062 et
755 4999 870 5062 dictam
884 5000 1027 5077 Congre-

276 5095 438 5172 gationem
453 5093 690 5171 quodammodo
705 5101 846 5170 arguunt
863 5099 1025 5171 tamquam

277 5190 316 5250 de
341 5187 466 5250 violatis
498 5202 611 5249 eorum
639 5186 773 5258 iuribus,
800 5187 904 5264 deque
927 5187 1025 5249 Bene-

277 5281 351 5343 dicti
380 5287 412 5342 et
439 5279 485 5342 Pii
507 5279 585 5342 vlll.
616 5287 811 5344 statutorum
840 5297 874 5342 ac
900 5279 1026 5342 manda·

277 5381 385 5437 torum
417 5375 499 5436 circa
527 5374 697 5436 missiones
725 5373 863 5450 anglicas
892 5373 1026 5435 snbver-

276 5470 377 5532 sione.

316 5565 334 5638 ἓ
355 5563 385 5624 2.
399 5561 520 5636 Quibus
535 5561 677 5640 querelis
693 5567 823 5640 palerna
838 5561 967 5624 caritate
980 5577 1026 5623 sa·

277 5655 422 5720 tisiacere
439 5656 597 5729 volentes,
616 5657 683 5729 tibi,
701 5655 894 5718 venerabilis
915 5654 1024 5726 trater,

277 5757 447 5813 uteorum
469 5751 503 5812 in
524 5765 614 5812 sacro
641 5749 820 5812 ministerio
845 5747 965 5811 seniori
994 5757 1027 5812 et

278 5845 461 5924 praecipuas
482 5846 515 5906 in
537 5859 629 5908 causa
650 5850 755 5923 partes
778 5843 919 5916 babenti,
939 5860 1027 5922 prae·

278 5945 385 6002 sentes
406 5939 462 6002 bas
483 5939 618 6014 litteras,
635 5953 731 6000 manu
746 5939 813 6018 ipsa
828 5945 936 6003 nostra
954 5953 1027 6000 con·

1074 687 1216 766 scriptas,
1240 687 1341 751 amice
1362 689 1533 761 mittimus,
1556 689 1670 752 ceteris
1692 676 1826 767 collegis
1915 735 1918 751 .

1075 782 1138 844 tuis
1159 781 1448 844 communicandas.

1115 877 1220 953 Atque
1242 876 1274 937 in
1296 875 1409 954 primis
1431 876 1468 938 ad
1498 879 1730 940 monasterium
1761 895 1827 943 mo·

1076 969 1208 1032 niaiium
1230 968 1314 1046 quod
1337 969 1469 1032 attinet:
1499 971 1538 1033 de
1568 972 1754 1048 perturbato
1777 988 1827 1033 or-

1076 1065 1150 1126 dine
1171 1080 1206 1125 ac
1227 1069 1310 1127 statu
1331 1064 1417 1126 illius
1439 1066 1625 1128 monasterii
1645 1082 1679 1127 ac
1695 1068 1733 1129 de
1752 1083 1826 1128 oon-

1076 1157 1301 1220 saltationibus
1323 1174 1421 1236 super
1444 1158 1504 1222 boc
1527 1159 1647 1236 pluries
1665 1159 1778 1222 babilis
1794 1161 1826 1222 in

1076 1251 1334 1329 Congregatione
1345 1253 1384 1315 de
1400 1253 1604 1330 Propaganda
1619 1253 1705 1327 ride,
1723 1256 1827 1332 deque

1077 1345 1187 1406 olllciis
1209 1345 1247 1406 ab
1279 1347 1389 1408 eadem
1419 1348 1500 1424 apud
1530 1353 1561 1410 te
1590 1356 1702 1410 nostro
1732 1350 1826 1413 etiam

1077 1439 1209 1500 nomine
1231 1445 1304 1501 ante
1321 1439 1452 1518 praelati
1468 1439 1573 1502 brevis
1589 1442 1826 1505 emanationem

1076 1532 1274 1610 interpositis
1287 1549 1343 1610 pro
1356 1534 1551 1596 restituenda
1562 1533 1623 1597 illis
1636 1535 1828 1598 monialibus

1078 1641 1162 1703 pace,
1180 1633 1318 1698 nonest,
1336 1627 1419 1704 quod
1437 1627 1487 1689 bic
1504 1629 1701 1692 mentionem
1724 1629 1827 1691 lacere

1079 1726 1234 1796 oporteat.
1258 1718 1360 1781 Nemo
1375 1721 1460 1782 enim
1479 1720 1679 1784 vicariorum
1696 1723 1828 1800 Aposto-

1079 1813 1214 1874 licorum
1224 1812 1357 1890 Angliae
1369 1814 1520 1892 ignorare
1533 1823 1647 1893 potest,
1658 1831 1739 1893 quae
1752 1815 1828 1878 San-

1078 1913 1125 1968 cta
1147 1907 1225 1968 baec
1246 1905 1345 1968 Sedes
1366 1908 1402 1968 ad
1425 1923 1496 1970 rem
1520 1909 1722 1986 praestiterit.

1120 1999 1240 2062 Verum
1257 1999 1414 2062 talluntur
1429 2002 1602 2079 apostolici
1619 2002 1735 2067 Vicarii
1750 2006 1826 2068 dum

1078 2101 1256 2166 autumant,
1281 2111 1339 2156 nos
1363 2095 1503 2173 plenaria
1529 2099 1736 2175 exemptione
1756 2101 1829 2162 sub·

1080 2190 1208 2252 trabere
1230 2189 1371 2252 voluisse
1387 2190 1582 2266 praedictum
1600 2195 1828 2256 monasterium

1078 2285 1116 2346 ab
1138 2282 1309 2361 Apostolici
1333 2281 1448 2344 linarii
1475 2283 1565 2346 istius
1591 2284 1753 2348 districtus
1776 2303 1830 2365 po-

1079 2383 1192 2438 testate
1213 2375 1273 2455 (uti
1299 2382 1386 2436 certe
1408 2376 1551 2453 supremi
1582 2377 1736 2455 primatus
1759 2379 1830 2442 inre

1079 2468 1276 2548 poteramus)
1291 2477 1386 2546 atque
1401 2470 1603 2533 immediatae
1618 2473 1831 2541 iurisdictioni

1079 2564 1185 2626 dilecti
1209 2562 1265 2624 lilii
1286 2562 1461 2624 cardinalis
1481 2563 1571 2625 Weld
1588 2564 1668 2627 illud
1684 2583 1741 2626 nos
1756 2567 1830 2628 sub-

1079 2658 1202 2720 iecisse.
1225 2656 1347 2734 Quippe
1369 2672 1432 2718 non
1459 2658 1585 2736 penitus
1609 2658 1733 2722 Vicario
1748 2662 1830 2739 Apo·

1079 2751 1190 2814 stolico
1214 2757 1402 2828 potestatem
1432 2751 1662 2824 subtraximus,
1686 2755 1740 2815 sed
1764 2762 1829 2816 tan-

1081 2853 1148 2906 tum
1170 2843 1426 2906 iurisdictionem
1448 2844 1481 2905 in
1503 2845 1618 2922 ipsum,
1643 2847 1764 2909 scilicet
1784 2848 1830 2910 iu-

1081 2938 1273 3000 risdictionis
1286 2937 1476 3000 exercitium
1491 2939 1726 3016 suspendimus.
1740 2940 1830 3003 Clara

1079 3039 1155 3093 sunt
1172 3031 1271 3093 verba
1287 3030 1405 3093 brevis.
1424 3031 1523 3092 Porro
1538 3047 1577 3092 ex
1593 3032 1664 3094 iure
1679 3034 1830 3096 canonico

1080 3133 1176 3202 atque
1198 3141 1238 3186 ex
1258 3125 1324 3202 ipsa
1340 3124 1542 3186 ecclesiastici
1559 3126 1726 3202 regiminis
1741 3129 1830 3205 praxi

1080 3235 1114 3281 ac
1136 3219 1300 3297 disciplina
1331 3217 1498 3280 manifesto
1521 3225 1616 3297 patet,
1639 3221 1831 3284 iurisdictio-

1081 3328 1156 3374 nem
1168 3313 1367 3390 suspendere
1383 3319 1415 3373 et
1429 3309 1683 3374 iurisdictionem
1700 3329 1832 3392 prorsus

1080 3407 1223 3469 adimere
1247 3406 1339 3484 plane
1361 3406 1445 3467 inter
1467 3423 1501 3467 se
1523 3422 1557 3467 ac
1580 3407 1831 3470 substantialiter

1081 3501 1223 3572 differre,
1249 3516 1308 3562 nec
1329 3515 1368 3562 ex
1391 3499 1495 3577 primo
1518 3501 1609 3576 sequi
1630 3502 1827 3563 secundum:

1080 3595 1308 3672 suspendimus
1341 3599 1459 3664 autem,
1491 3600 1526 3657 ut
1553 3593 1683 3655 interim
1719 3610 1831 3656 rerum

1081 3695 1198 3750 statum
1229 3703 1424 3764 cognoscere
1452 3688 1562 3764 eisque
1591 3703 1648 3765 pro
1681 3697 1832 3766 opportu-

1081 3781 1178 3844 nitate
1201 3781 1371 3859 providere
1394 3795 1572 3860 possemus.
1597 3780 1635 3844 Et
1659 3781 1741 3842 sicut
1766 3797 1831 3844 non

1081 3881 1149 3937 erat
1170 3875 1202 3936 in
1225 3875 1331 3936 animo
1346 3873 1520 3952 plenariam
1540 3873 1783 3950 absolutamque
1798 3891 1832 3936 ac

1081 3975 1270 4046 perpetuam
1293 3967 1534 4044 exemptionem
1556 3983 1650 4044 saepe
1666 3967 1749 4029 dicto
1764 3984 1831 4029 rno-

1081 4062 1220 4124 nasterio
1242 4061 1429 4130 concedere,
1447 4061 1491 4121 sic
1513 4069 1545 4123 et
1559 4077 1575 4120 a
1591 4060 1738 4122 formulis
1754 4062 1832 4131 scite

1080 4155 1304 4226 abstinuimus,
1322 4153 1437 4231 quibus
1453 4153 1592 4231 plenaria
1609 4154 1705 4216 buius
1725 4169 1832 4216 exem-

1080 4249 1146 4326 ptio
1158 4249 1191 4310 in
1206 4247 1386 4326 apostolicis
1401 4247 1683 4310 constitutionibus
1695 4247 1832 4324 exprimi

1079 4342 1171 4404 solet.
1190 4341 1253 4404 Nec
1265 4341 1367 4404 relert
1382 4342 1466 4420 quod
1483 4341 1562 4404 illud
1576 4341 1636 4403 sub
1648 4341 1833 4403 immediato

1081 4443 1191 4497 nostro
1215 4443 1247 4497 et
1269 4433 1400 4497 Sanctae
1422 4433 1512 4497 Sedis
1528 4436 1704 4512 patrocinio
1719 4449 1833 4513 posue-

1081 4529 1198 4605 rimus3
1216 4529 1405 4592 declarando
1420 4529 1507 4590 euim
1524 4528 1649 4591 Summi
1664 4528 1833 4592 Pontifices

1080 4621 1328 4685 communitates
1349 4627 1403 4682 aut
1424 4620 1491 4683 loca
1513 4621 1617 4698 aliqua
1631 4621 1691 4682 sub
1711 4631 1834 4700 aposto·

1081 4715 1139 4778 lica
1162 4714 1361 4793 protectione
1383 4714 1568 4786 consistere,
1587 4731 1651 4777 uon
1666 4715 1739 4777 ideo
1760 4731 1834 4778 con·

1080 4809 1239 4886 sequitur,
1263 4808 1322 4870 nisi
1344 4807 1375 4869 id
1397 4814 1507 4886 aperte
1529 4808 1681 4880 edicatur,
1705 4809 1765 4870 sub
1787 4810 1833 4871 iu-

1081 4903 1265 4966 risdictione
1288 4918 1359 4964 esse
1376 4901 1475 4980 posita
1491 4902 1590 4964 solius
1606 4901 1739 4964 Romani
1754 4903 1834 4964 Pon·

1082 4996 1185 5068 tiliois,
1210 5005 1319 5075 erepta
1342 5011 1473 5074 prorsus
1489 4995 1620 5057 cuilibet
1634 4995 1725 5057 alteri
1745 5005 1834 5074 pote·

1081 5097 1161 5153 state
1187 5091 1221 5152 in
1253 5091 1381 5152 easdem
1413 5089 1659 5152 communitates
1693 5096 1725 5151 et
1753 5090 1831 5151 loca.

1083 5183 1238 5246 Similiter
1254 5183 1490 5245 hallucinantur
1502 5183 1599 5245 iidem
1616 5181 1730 5248 Vicarii
1752 5182 1834 5260 Apo-

1078 5273 1185 5340 ¹stolici
1207 5277 1411 5349 arbitrantes,
1429 5293 1486 5338 nos
1505 5277 1739 5339 monasterium
1754 5276 1832 5338 illud

1082 5372 1284 5434 immediatae
1306 5371 1519 5434 iurisdictioni
1541 5369 1716 5433 Cardinalis
1741 5369 1834 5432 Weld

1081 5466 1280 5528 submisisse.
1298 5464 1464 5542 Siquidem
1486 5451 1641 5527 nostrum'
1654 5464 1766 5541 utique
1782 5463 1833 5526 lli-

1081 5559 1203 5622 carium
1238 5575 1312 5621 cum
1345 5559 1589 5636 deputavimus,
1626 5557 1747 5620 scilicet
1778 5573 1835 5620 no-

1082 5659 1163 5715 stras
1185 5653 1215 5714 ei
1230 5653 1449 5730 delagavimus
1465 5653 1550 5714 vices
1565 5668 1623 5731 pro
1639 5652 1735 5714 rebus
1751 5652 1834 5714 eius-

1083 5747 1156 5809 dem
1179 5747 1366 5810 monasterii
1386 5747 1629 5826 componendis
1646 5762 1711 5808 non
1726 5753 1834 5808 autem

1083 5842 1305 5906 immediatum
1328 5841 1415 5903 illius
1436 5858 1471 5904 ac
1492 5841 1621 5920 proprie
1643 5841 1763 5904 dictum
1783 5856 1835 5902 su-

1084 5935 1247 6016 periorem
1260 5935 1458 5998 ordinarium
1474 5934 1699 5998 constituimus
1712 5934 1749 5997 ad
1764 5949 1835 6014 per-

1747 554 1805 618 231
1865 555 1916 612 bn.
1930 555 1957 614 d.
1973 555 2042 612 1855
