4814 6992
941 589 1085 634 ctutttsh's
1108 589 1158 634 he.
1183 589 1228 634 tx.

664 705 699 767 11.

425 895 470 958 Ab
492 893 687 968 interstitiis,
699 893 861 974 dispensat
879 891 935 974 (1).

402 1080 520 1146 Dilecto
542 1079 607 1146 illio
630 1077 781 1145 Edmundo
805 1077 960 1144 llordnero

367 1173 502 1242 scholari
526 1171 641 1240 110001.
665 1173 765 1240 dioec.
789 1174 817 1240 in
841 1171 992 1252 Hibernia,

464 1359 653 1426 cutheus
678 1357 898 1426 EPlSGOPUS

489 1539 600 1590 sertus
627 1539 783 1590 serrorum
806 1521 870 1600 Dei,

336 1645 465 1712 salutem
489 1649 520 1710 et
541 1642 743 1728 apostolicam
770 1642 1022 1712 benedictionem.

344 1832 434 1896 Vitae
456 1851 491 1896 ac
512 1847 643 1896 morum
664 1833 816 1896 honestas
838 1831 963 1910 aliaque
991 1834 1056 1898 lau-

304 1927 418 1990 dabih'a
440 1927 606 2004 probitatis
629 1935 661 1988 et
681 1927 841 1988 virtutum
862 1926 1056 2000 1101111,ου-

304 2038 363 2099 per
385 2021 502 2098 quibus
522 2020 604 2097 apud
627 2036 686 2080 nos
701 2019 763 2082 tide
779 2019 877 2096 digno
892 2036 1056 2084 commen·

305 2115 388 2176 daris
411 2114 606 2184 testimonio,
632 2131 688 2174 nos
704 2115 871 2184 inducunt,
889 2121 925 2176 ut
941 2124 970 2177 te
985 2133 1056 2193 spe-

303 2209 435 2272 cialibus
448 2207 610 2268 larorihus
630 2215 662 2267 et
681 2209 791 2284 gratiis
808 2224 1052 2286 prosequamur.

303 2302 383 2364 lliuc
405 2301 554 2377 estquod
570 2315 628 2360 roos
646 2301 713 2372 tibi,
731 2309 767 2361 ut
781 2302 907 2370 asseris,
925 2302 1055 2366 1011010

304 2396 485 2457 devotionis
513 2411 680 2464 accensus,
710 2411 744 2456 ac
772 2395 846 2456 alias
876 2396 1054 2472 plurimum

304 2490 411 2566 cupias
431 2488 571 2552 clericali
593 2489 776 2549 charactere
791 2489 952 2565 insigniri,
970 2491 1053 2552 etad

1115 706 1167 779 rit,
1182 707 1214 768 iu
1227 706 1411 770 Hiberniam
1426 715 1456 770 te
1472 707 1669 770 conlerre'ad
1683 706 1866 770 ducendum

1116 799 1309 862 missionarii
1320 799 1459 862 officium
1472 800 1532 862 sub
1545 799 1723 862 directione
1739 799 1770 860 S.
1785 799 1867 862 Gon-

1115 893 1311 970 gregationis
1327 893 1366 955 de
1378 893 1583 970 Propaganda
1594 893 1681 965 Fide,
1695 893 1867 970 quamsin-

1115 986 1199 1062 gulis
1221 987 1310 1050 anuis
1333 987 1470 1064 propriis
1493 987 1593 1048 literis
1615 987 1654 1070 110
1670 987 1716 1050 tui
1732 1001 1867 1066 persona

1115 1089 1146 1142 et
1169 1080 1266 1158 gestis
1288 1081 1461 1142 certiorem
1485 1081 1589 1144 lacere
1604 1081 1755 1151 tenearis,
1773 1081 1808 1142 ad
1830 1081 1866 1142 tt-

1114 1173 1219 1234 tulum
1242 1173 1404 1237 missionis
1426 1173 1459 1236 in
1485 1173 1637 1235 Hibernia
1666 1173 1864 1252 promoveri,

1114 1273 1146 1326 et
1167 1273 1334 1344 promotus
1357 1266 1389 1326 in
1411 1266 1474 1328 illis
1496 1267 1592 1328 etiam
1614 1267 1647 1327 in
1674 1265 1781 1327 altaris
1809 1265 1867 1326 mi-

1115 1360 1247 1424 nisterio
1270 1359 1453 1422 ministrare
1477 1360 1578 1422 libere
1594 1366 1626 1422 et
1641 1359 1727 1421 licite
1746 1359 1863 1432 taleae,

1113 1454 1283 1532 apostolica
1304 1454 1493 1516 auctoritate
1516 1461 1629 1516 tencre
1645 1455 1864 1531 praesentium

1113 1549 1319 1610 concedimus
1348 1555 1381 1608 et
1402 1549 1621 1624 indulgemus,
1652 1564 1686 1610 ac
1717 1555 1778 1608 tam
1809 1547 1866 1610 tibi

1114 1657 1209 1719 quam
1222 1641 1355 1704 cuilibet
1370 1642 1511 1704 antistiti
1525 1657 1583 1720 per
1598 1649 1630 1704 te
1642 1641 1678 1702 acl
1692 1645 1866 1720 praemissa

1112 1743 1148 1797 ut
1170 1735 1352 1814 praefertur
1374 1736 1525 1812 eligendo
1547 1735 1710 1798 licentiam
1730 1736 1866 1797 auctori-

1113 1835 1176 1890 tate
1200 1836 1233 1890 et
1254 1837 1367 1890 tenore
1390 1829 1573 1908 praemissis
1593 1830 1732 1906 desuper
1747 1830 1866 1906 imper-

1113 1922 1222 1994 timur,
1237 1939 1302 1984 non
1318 1923 1463 1984 obstante
1478 1923 1564 2000 quod
1581 1932 1615 1984 tu
1632 1929 1778 2001 tempore
1794 1939 1866 2000 pro-

1113 2017 1264 2078 motionis
1287 2024 1360 2078 1110
1382 2018 1419 2078 011
1441 2033 1682 2094 quemcumque
1712 2034 1751 2080 01
1774 2018 1865 2078 dictis

1113 2110 1279 2172 ordinibus
1304 2117 1333 2171 tc
1355 2110 1388 2171 iu
1410 2110 1471 2172 alio
1494 2111 1547 2172 rel
1569 2111 1637 2171 aliis
1653 2127 1711 2189 per
1728 2117 1758 2172 te
1773 2117 1865 2173 antea

1111 2204 1267 2282 susceptis
1290 2219 1354 2265 non
1379 2205 1576 2276 exercueris,
1601 2222 1635 2266 ac
1656 2205 1865 2283 synodalibus

1111 2305 1143 2358 et
1165 2297 1414 2374 provincialibus
1433 2297 1716 2360 constitutionibus
1733 2305 1765 2359 et
1782 2299 1864 2360 ordi-

1111 2390 1292 2452 nationibus
1305 2391 1485 2469 apostolicis
1501 2391 1682 2467 ceterisque
1695 2391 1863 2452 contrariis

1111 2485 1380 2561 quibuscumque.
1405 2484 1492 2546 Nulli
1514 2501 1594 2560 ergo
1616 2491 1676 2546 etc.

304 2599 417 2644 omnes
439 2584 534 2644 ctiam
557 2599 662 2642 sacros
685 2591 717 2642 et
740 2583 981 2660 presbyteratus
1004 2601 1053 2645 or·
1151 2577 1263 2639 Datum
1287 2578 1416 2649 Romae,
1447 2579 1530 2656 aputl
1557 2576 1588 2639 S.
1615 2577 1743 2640 hiariam
1771 2579 1864 2642 11110-

303 2678 395 2740 diues
416 2692 512 2754 quam
534 2676 676 2753 primum
706 2678 903 2752 promoueri,
928 2685 960 2738 et
982 2693 1053 2756 pro-

303 2779 411 2832 motus
431 2771 464 2830 in
487 2769 550 2830 illis
572 2769 727 2830 altissimo
750 2770 852 2845 quoad
876 2769 996 2831 vixeris
1012 2771 1053 2832 la-

304 2863 432 2934 mulari,
449 2862 698 2940 praemissorum
712 2863 904 2924 meritorum
923 2871 1052 2926 tuorum

302 2959 423 3020 intuitu
435 2957 607 3034 specialem
624 2957 755 3032 gratiam
773 2957 876 3020 110010
893 2958 1051 3030 volentes,

304 3051 1054 3127 tequeaquibusvisercummunicationisallis-

303 3160 367 3222 que
382 3144 602 3207 ecclesiasticis
616 3143 796 3216 sententiis,
809 3146 834 3206 si
847 3146 963 3230 quibus
975 3162 1054 3224 quo·

303 3239 481 3299 modolibet
502 3238 671 3299 innodatus
696 3239 818 3308 existis,
843 3241 878 3300 ad
903 3241 1052 3302 ellectum

303 3332 520 3410 praesentium
552 3339 674 3393 tantum
703 3333 968 3409 consequendum
1001 3335 1053 3396 ha-

301 3441 377 3486 rum
399 3425 483 3486 serie
504 3424 719 3496 absolventes
737 3433 770 3486 et
784 3426 967 3488 absolutum
984 3428 1053 3490 lore

301 3525 481 3588 censentes,
508 3520 568 3579 tuis
592 3518 1051 3597 supplicationibusinclinati,

302 3612 372 3684 tihi,
395 3619 431 3673 ut
451 3627 525 3674 cum
548 3611 663 3672 litteris
680 3611 949 3674 testimonialibus
965 3629 1053 3691 prae-

302 3705 374 3768 lecti
398 3721 455 3767 seu
478 3705 613 3768 rectoris
635 3705 773 3782 collegii,
791 3706 824 3768 in
847 3722 911 3782 quo
931 3707 1053 3769 studui-

303 3800 354 3871 sti,
374 3800 418 3860 tui
440 3799 550 3870 vitam,
568 3815 676 3860 mores
698 3809 730 3861 et
753 3801 944 3877 probitatem
968 3819 1053 3864 com-

303 3893 1052 3970 mandantibusaquocumquequemmalueris

302 3986 457 4048 catholico
479 3985 630 4048 Antistitc
647 3988 779 4062 gratiam
803 3995 835 4049 01
853 3989 1053 4066 communiq-

302 4096 377 4142 uem
401 4078 491 4142 Sedis
513 4079 713 4158 apostolicae
733 4080 870 4143 habente
887 4089 918 4143 et
933 4083 965 4144 in
981 4099 1052 4161 pro·

302 4173 370 4252 pria
392 4173 528 4236 dioecesi
551 4174 726 4246 residente,
751 4175 803 4236 rel
827 4176 859 4236 in
881 4175 983 4238 aliena
1013 4177 1052 4238 dc

301 4283 460 4329 consensu
475 4266 661 4328 Dicecesani
676 4265 738 4329 loci
753 4269 945 4344 pontificalia
961 4286 1053 4332 exer-

301 4369 407 4432 cente,
420 4376 478 4438 per
494 4367 525 4422 te
540 4361 576 4422 ad
593 4360 624 4422 id
643 4361 773 4438 speciali
788 4363 950 4440 eligendo,
968 4364 1051 4426 dicto

300 4453 484 4516 charactere
512 4455 662 4530 insigniri
690 4462 722 4516 et
750 4463 887 4532 quatuor
920 4457 1049 4530 leriatis,

300 4547 354 4608 vel
376 4563 453 4620 uon,
477 4565 534 4610 seu
557 4553 653 4610 etiarn
676 4549 768 4612 unica
797 4550 919 4619 festiva,
945 4559 1050 4614 tamen

300 4641 364 4712 die,
381 4641 417 4704 ad
433 4649 570 4718 quatuor
587 4644 740 4712 minores,
758 4660 896 4706 necnon
915 4645 1051 4706 subinde

299 4735 404 4796 tribus
432 4735 599 4798 tlourinicis
628 4754 684 4798 seu
717 4738 785 4800 aliis
815 4739 853 4800 de
883 4747 1051 4816 praecepto

299 4828 460 4890 Ecclesiae
479 4829 602 4891 festivis
624 4832 783 4894 continuis
804 4833 857 4894 vel
879 4831 1052 4910 interpola·

299 4922 353 4994 tie,
370 4923 405 4982 ad
422 4923 522 4987 dictos
544 4939 656 4984 ornnes
678 4941 784 4986 sacros
801 4933 833 4986 et
852 4925 1050 5004 presbytera-

299 5021 353 5076 tus
376 5015 504 5082 ordines
527 5024 559 5078 et
580 5024 670 5078 extra
686 5025 830 5096 tempora
850 5021 886 5080 ad
902 5019 933 5080 id
949 5038 965 5080 a
979 5020 1051 5082 iure

298 5115 427 5180 statuta,
452 5116 483 5170 et
511 5110 594 5174 iutra
621 5127 752 5185 anuum,
782 5115 922 5190 annique
950 5115 1051 5176 curri-

298 5201 373 5264 culo
396 5218 460 5264 uon
475 5212 653 5282 expectato,
675 5207 848 5284 minusque
863 5207 998 5286 serratis
1013 5207 1050 5270 ad

296 5295 331 5357 id
354 5312 370 5356 a
391 5295 533 5358 Concilio
557 5297 745 5360 Tridentino
763 5300 937 5378 designatis
951 5301 1050 5364 inter-

296 5389 406 5460 stitiis,
430 5397 462 5451 et
483 5391 659 5454 dummodo
681 5393 718 5454 ad
741 5393 771 5454 id
794 5395 965 5472 reperiaris
984 5396 1051 5458 ido·

295 5499 382 5545 neus
404 5493 436 5547 et
455 5487 588 5548 seruitio
610 5487 744 5550 alicuius
766 5489 919 5551 ecclesiae
941 5495 972 5551 te
998 5490 1050 5551 ad·

295 5577 430 5649 scribas,
444 5579 468 5639 si
485 5580 630 5642 nondum
645 5581 687 5642 sis
704 5583 891 5661 adscriptus,
906 5583 1049 5661 iactaque

296 5669 389 5748 prius
410 5679 514 5748 perte
534 5690 639 5735 coram
664 5675 814 5738 hntistite
837 5682 1050 5754 promovente

294 5764 511 5840 promissione
527 5768 624 5843 quod,
642 5766 856 5844 quantocitius
875 5769 945 5832 fieri
961 5779 1049 5850 potc-

1110 2687 1191 2742 rem,
1208 2687 1291 2732 anno
1310 2670 1464 2734 incarnat.
1481 2669 1665 2733 Dominicae
1682 2689 1861 2747 1110111111,

1111 2765 1313 2843 pontificatus
1335 2765 1437 2831 nostri
1459 2781 1542 2826 anno
1565 2782 1586 2826 1.

1549 3021 1622 3028 .-—--‹

1461 3237 1510 3298 lh.

1110 3423 1198 3484 lictu
1218 3424 1348 3504 proprio
1371 3424 1485 3486 01111111
1510 3397 1680 3504 Gollcqimm
1699 3423 1862 3488 Urbanum

1337 3537 1356 3582 0
1379 3520 1447 3582 cini
1473 3521 1631 3599 ccctipaii.

1110 3706 1338 3772 Bonaooursius
1359 3705 1588 3772 Bonaocursius
1605 3704 1860 3774 prothonotarius

1151 3801 1346 3884 hpostoheos
1370 3798 1564 3866 Sanctissimi
1588 3799 1623 3865 1).
1646 3799 1679 3864 h.
1704 3799 1805 3882 Papae
1830 3805 1861 3866 et

1150 3893 1223 3961 lter.
1237 3893 1384 3999 camerae
1398 3893 1595 3977 hpoatolioae
1608 3893 1770 3968 temeratis
1783 3891 1862 3960 ihe-

1149 4005 1318 4056 sacramus.

1150 4175 1347 4240 Auctoritas
1360 4180 1461 4240 nostri
1477 4179 1741 4241 Thesaurariatus
1753 4179 1859 4250 olhcii,

1109 4287 1143 4332 ac
1157 4271 1191 4331 in
1212 4273 1437 4334 executionem
1457 4279 1489 4334 et
1501 4273 1615 4349 vigore
1626 4272 1771 4351 specialis
1785 4269 1861 4334 San·

1109 4364 1243 4426 ctissimi
1271 4365 1306 4426 b.
1334 4364 1371 4428 N.
1402 4365 1502 4443 Papae
1533 4365 1739 4444 chirographi
1768 4365 1860 4427 uobis

1109 4457 1223 4519 directi
1244 4459 1365 4520 tenoris
1387 4459 1561 4536 sequentis,
1585 4460 1752 4527 videlicet:

1149 4551 1368 4627 «hlonsigncr
1399 4551 1618 4613 Ruouaccorso
1651 4551 1861 4616 Buonaccorsi

1108 4655 1218 4708 nostro
1231 4647 1386 4709 tesoriere
1403 4645 1566 4722 generale.
1584 4645 1731 4710 Volendo
1743 4647 1797 4708 noi
1814 4647 1861 4708 lar

1109 4741 1209 4816 gratia
1232 4741 1422 4817 particulare,
1441 4740 1470 4800 al
1496 4739 1643 4818 collegio
1673 4741 1800 4803 Urbano
1829 4742 1860 4802 di

1108 4833 1313 4912 propaganda
1335 4833 1410 4896 Fide
1433 4849 1489 4911 per
1512 4833 1541 4894 le
1565 4833 1719 4911 singulari
1741 4833 1860 4912 quatita

1108 4943 1126 4988 e
1148 4927 1343 4990 circcstanze
1365 4928 1424 4989 che
1445 4927 1479 4988 in
1502 4943 1573 4990 esse
1599 4943 1810 4999 concorrono,
1827 4929 1860 4988 vi

1109 5019 1299 5091 ordiniamo,
1323 5021 1382 5082 che
1405 5019 1535 5082 lacciate
1563 5020 1734 5082 intendere
1762 5038 1778 5080 a
1805 5021 1859 5082 Ζο-

1108 5113 1205 5176 nobio
1228 5113 1410 5186 Baldiuctti,
1429 5131 1445 5176 0
1461 5116 1630 5192 compagni
1646 5115 1813 5191 doganieri
1828 5113 1858 5176 di

1107 5206 1223 5281 Roma,
1257 5225 1366 5286 essere
1399 5217 1508 5271 nostra
1540 5216 1667 5278 mente,
1702 5207 1761 5268 che
1793 5224 1858 5268 nou

1108 5308 1232 5363 estante
1254 5301 1284 5364 10
1307 5303 1393 5366 holle
1422 5303 1581 5382 publicate
1610 5303 1739 5375 danai,
1763 5317 1781 5363 0
1809 5301 1858 5363 dai

1107 5394 1858 5476 uostriautecessorisopralarerocaz'ionedel-

1107 5489 1127 5551 l’
1136 5492 1308 5566 esentioui,
1321 5491 1440 5553 lasciuo
1453 5507 1559 5568 passar
1571 5490 1679 5552 lrauco
1691 5491 1721 5554 di
1735 5490 1858 5568 dogaua

1107 5585 1160 5647 nel
1184 5601 1321 5648 numero
1350 5585 1435 5646 delle
1457 5583 1536 5646 tibh
1563 5585 1652 5648 hotte
1674 5585 1706 5646 di
1728 5585 1803 5646 rino
1826 5585 1858 5646 di

1106 5677 1183 5756 Ripa
1204 5679 1233 5740 al
1255 5678 1504 5759 dettollollegio
1520 5693 1577 5756 per
1593 5677 1699 5754 quella
1714 5677 1858 5754 quantita

1106 5773 1136 5833 di
1159 5771 1247 5834 bctte
1269 5773 1300 5834 di
1322 5772 1857 5849 1110011011000111110310110

288 6010 293 6016 .
339 5981 369 6034 111
386 5980 476 6026 Tabul.
492 5986 586 6038 Corrgr.
602 5981 633 6026 de
649 5987 672 6027 P.
689 5987 715 6028 F.
733 5985 864 6028 Scritture
879 5985 982 6032 riserite
997 5991 1044 6030 etc,
1061 5986 1174 6040 tutanda,
1190 5987 1237 6032 rol.
1255 5989 1294 6040 11,
1310 5996 1367 6042 pag.
1382 5986 1416 6028 68.

1809 571 1848 632 hi
1906 571 1958 644 hu.
1972 571 2000 628 C.
2015 570 2082 627 tear
