4756 6994
908 621 1050 666 CLEMENS
1074 621 1122 665 PF.
1148 620 1192 664 xl.

272 753 344 798 mns
377 745 408 798 et
439 738 731 810 reservaverimus,
762 757 795 802 ac
825 747 963 802 taxatum
992 747 1024 800 et

273 839 472 893 reservatum
507 849 563 894 εει]
598 839 731 894 taxatam
766 840 798 894 et
826 841 1021 894 reservatam

273 941 341 986 esse
368 925 570 987 voluerimus
597 933 628 987 et
658 927 911 994 decreverimus,
936 925 1024 986 alias·

273 1035 335 1095 que
367 1019 406 1080 de
440 1020 621 1096 praemissis
654 1021 713 1082 sub
747 1021 841 1081 certis
874 1019 1024 1081 modoet

274 1112 385 1184 iorma,
409 1129 443 1174 ac
465 1129 537 1174 cum
561 1113 711 1176 clausulis
734 1121 766 1176 et
788 1115 925 1176 decretis
948 1119 1023 1174 tunc

272 1207 440 1284 expressis,
464 1206 731 1284 disposuerimus,
756 1215 852 1285 prout
876 1208 908 1268 in
934 1208 1022 1268 sche-

272 1299 345 1362 dula
363 1301 463 1362 nostri
488 1308 596 1361 motus
619 1302 738 1380 proprii
761 1302 901 1378 desuper
926 1315 1020 1361 manu

272 1401 389 1466 nostra,
414 1394 472 1455 sub
495 1395 602 1456 datum
628 1395 777 1456 videlicet
799 1394 917 1457 Romae
940 1395 1020 1470 apud

273 1485 417 1548 Sanctam
441 1487 569 1548 Mariam
583 1488 755 1558 -llaiorem,
776 1487 947 1549 undecimo
970 1488 1021 1548 lra-

272 1581 379 1642 lendas
397 1581 476 1650 iulii,
495 1582 696 1659 pontificatus
713 1582 814 1642 nostri
832 1597 881 1642 an.
897 1589 1019 1651 octavo,

269 1675 390 1751 signata
411 1681 443 1737 et
466 1675 625 1752 expedita,
643 1673 732 1736 cuins
749 1677 842 1736 etiarn
866 1675 965 1736 solam
982 1675 1020 1735 si-

271 1775 436 1844 gnaturam
465 1769 628 1840 sufficere,
653 1777 685 1831 et
706 1770 827 1846 ubique
857 1769 953 1830 fldem
980 1767 1020 1829 ia·
1047 1826 1050 1875 Ι

269 1878 360 1934 cere,
390 1863 500 1940 regula
531 1878 734 1939 quacumque
766 1863 924 1925 contraria
956 1878 1020 1922 non

271 1957 426 2027 obstante,
458 1955 631 2028 voluimus,
656 1957 782 2034 plenius
813 1957 1018 2030 continetur;

268 2050 406 2111 subinde
420 2063 499 2111 vero
521 2051 605 2110 idem
630 2049 742 2111 Petrus
764 2049 949 2120 Cardinalis,
974 2051 1019 2112 uti

269 2143 421 2221 praedicti
445 2144 632 2204 aronasrerii
648 2143 750 2204 Abbas
772 2159 827 2205 seu
844 2151 1019 2221 perpetuus

268 2238 570 2308 commendatarius,
593 2245 720 2298 servato
749 2239 890 2299 themate
920 2238 1020 2299 dictae

268 2339 397 2393 nostrae
422 2331 605 2402 schedulae,
630 2339 662 2392 et
683 2331 715 2392 in
738 2329 824 2392 illius
854 2331 1016 2408 sequelam

270 2426 429 2487 mediante
451 2425 669 2485 instrumento
688 2425 739 2486 die
754 2426 909 2502 vigesima
924 2426 1019 2502 septi-

269 2535 320 2580 ma
342 2518 458 2580 mensis
486 2518 566 2578 iunii
594 2518 667 2578 anni
697 2518 823 2579 Domini
855 2518 1017 2580 millesimi

265 2612 548 2691 septingentesimi
564 2611 677 2683 octavi,
692 2627 749 2688 per
765 2621 829 2673 acta
843 2611 948 2673 dilecti
962 2613 1018 2674 lilii

266 2707 397 2768 Antonii
422 2705 575 2776 Petrucci,
592 2705 744 2768 Gamerae
761 2715 889 2768 nostrae
906 2707 1015 2784 Apost.

265 2799 441 2870 secretarii,
461 2807 583 2875 rogato,
600 2801 808 2870 concessioni,
826 2801 948 2869 unioni,
966 2817 1018 2860 an·

266 2895 396 2956 nexioni
410 2901 441 2954 et
455 2891 703 2970 incorporationi
716 2893 884 2970 praedictis
897 2909 1016 2956 novum

265 3003 458 3050 consensum
490 2987 695 3063 praestiterit,
720 3005 753 3047 ac
776 2986 880 3048 omnia
904 2995 934 3048 et
955 2987 1018 3047 sin-

266 3081 342 3158 gula
365 3081 396 3140 in
419 3079 576 3158 praedicta
599 3079 750 3141 schedula
776 3087 923 3142 contenta
946 3081 1018 3141 rati-

267 3173 410 3236 licaverit
432 3181 464 3234 et
484 3173 720 3249 approbaverit,
745 3173 826 3234 sicut
855 3173 945 3235 nobis
972 3174 1016 3234 in·

72 3279 180 3320 ,aazia
196 3283 243 3340 οι·
266 3267 390 3342 notuit3
413 3281 552 3342 cumque
575 3267 659 3328 idem
689 3267 801 3328 Petrus
829 3267 1016 3336 cardinalis,

55 3333 244 3439 »ὶζῖἻῖιὶῘὲὲἰί
266 3361 370 3422 adhuc
393 3360 466 3422 dicti
490 3359 674 3422 rnonasterii
698 3359 800 3422 hbbas
825 3377 882 3422 εει]
906 3377 1017 3438 perpe-

55 3450 244 3537 ,.I,'-‚“,1‚¹,¹,',¹,¹el}¹,‘{
267 3461 342 3516 tuus
357 3453 648 3515 commendatarius
663 3441 814 3525 existens,
829 3454 946 3532 exponi
962 3470 1017 3516 no·

63 3554 144 3640 Δξ,ξ·ξ·ξ]ε
172 3546 244 3591 <ficti
266 3549 315 3609 bis
337 3561 440 3624 nuper
463 3547 586 3620 lecerit,
607 3547 691 3623 quod
709 3547 776 3624 ipse
793 3549 873 3610 haud
890 3563 949 3610 suo
965 3548 1017 3609 de-

78 3631 134 3642 ’
265 3641 385 3702 siderio
412 3640 443 3700 in
475 3639 530 3702 hac
559 3656 612 3712 re,
644 3655 725 3716 quae
746 3639 779 3701 in
801 3656 925 3701 causam
953 3648 1015 3701 tam

267 3733 511 3812 privilegiatam,
536 3733 657 3800 scilicet
684 3735 920 3810 propagationis
943 3735 1016 3796 lidei

266 3827 449 3898 catholicae,
463 3827 594 3888 tendere
607 3827 815 3902 dignoscitur,
827 3827 937 3889 iecisse
950 3843 1016 3888 cre-

267 3923 320 3984 dat
340 3922 426 3993 satis,
451 3921 511 3981 nisi
534 3935 655 3980 novum
679 3921 759 3990 cius,
777 3921 894 3981 nedum
922 3923 1016 3984 bene-

267 4015 426 4077 volentiae
442 4029 518 4089 erga
534 4013 685 4089 praedicti
701 4013 827 4089 collegii
843 4029 899 4074 seu
921 4017 1015 4075 semi-

267 4109 346 4170 narii
360 4108 518 4177 alumnos,
534 4121 648 4167 verum
666 4106 760 4167 etiam
777 4107 923 4183 obsequii
940 4123 1014 4184 erga

266 4203 362 4280 ipsam
393 4200 697 4278 Congregatiouem,
726 4209 954 4276 argumentum
983 4218 1014 4262 c-

266 4295 399 4366 stendat,
420 4308 515 4356 suum
539 4293 689 4356 videlicet
710 4309 903 4354 consensum
926 4295 1014 4355 exhi·

268 4391 380 4461 hendo,
398 4396 430 4450 et
450 4391 510 4450 sub
530 4397 640 4450 nostro
663 4397 694 4449 et
710 4387 800 4449 Sedis
816 4387 1014 4466 apostolicae

267 4483 462 4560 beneplacito
489 4484 676 4560 praestando
708 4498 764 4559 pro
787 4483 960 4544 cassatione
983 4493 1014 4545 et

265 4577 435 4638 abolitione
467 4576 616 4654 praedicti
645 4576 774 4637 canonis
803 4591 859 4637 εει]
893 4579 1013 4654 praedi-

265 4679 332 4732 ctae
344 4671 560 4748 responsionis
576 4669 766 4748 superdicta
786 4671 889 4742 vinea,
905 4669 1013 4733 lavore

267 4765 408 4826 eiusdem
437 4763 633 4833 monasterii,
666 4779 721 4839 per
750 4779 819 4832 nos,
849 4771 1010 4842 utsupra,

267 4859 416 4920 reservati
444 4873 502 4918 seu
531 4865 723 4928 reservatae,
755 4866 790 4918 ut
821 4857 1010 4935 praefertur,

262 4945 387 5012 'necnon
424 4967 481 5029 pro
517 4951 706 5012 liberatione
743 4960 775 5012 et
806 4955 1011 5030 exemptione

267 5047 407 5108 eiusdem
428 5045 542 5106 vineae
569 5052 601 5106 et
619 5046 755 5106 aliorum
780 5063 836 5122 per
851 5063 908 5107 nos
924 5063 1012 5124 prae-

236 5141 363 5206 .dictae
403 5139 653 5216 Congregationi
693 5157 936 5212 concessorum,
974 5143 1011 5203 ab

267 5235 350 5296 omni
380 5233 507 5294 vinculo
534 5235 752 5310 proprietatis,
785 5233 1008 5306 subiectionis,

266 5327 463 5403 obligationis
486 5335 518 5388 et
539 5327 707 5388 solutionis
728 5328 857 5389 canonis
883 5345 937 5390 εει]
963 5347 1010 5391 re-

264 5421 441 5498 sponsionis
456 5427 585 5482 centum
601 5428 766 5481 scutorum
789 5429 937 5484 monetae
954 5425 1011 5486 hu-

265 5515 399 5576 iusmodi
412 5521 444 5576 et
455 5515 591 5575 aliorum
605 5513 736 5586 iuriam,
752 5515 856 5576 lorsan
870 5533 909 5576 ex
922 5533 1010 5594 prae-

263 5615 383 5670 narrata
399 5607 561 5677 schedula,
579 5607 646 5667 sive
668 5623 706 5669 ex
724 5611 928 5686 proprietate,
952 5628 1008 5672 seu

261 5703 333 5763 alias
356 5703 584 5776 undecumque
610 5702 851 5778 procedentium
876 5704 1009 5766 addicti

261 5795 446 5856 monasterii
462 5794 623 5869 invorem3
641 5811 698 5872 pro
713 5796 896 5857 huiusmodi
910 5799 1009 5873 igitur

258 5888 452 5960 cassationis,
476 5888 667 5961 abolitionis,
691 5890 904 5966 exemptionis
920 5899 951 5952 et
973 5892 1008 5952 li·-

258 5983 433 6046 berationis
449 5983 576 6054 ellectu,
594 5981 679 6046 idem
693 5984 804 6044 Petrus
819 5985 1006 6059 cardinalis,

1770 607 1808 668 83
1866 610 1918 665 Au.
1931 612 1959 665 C.
1974 610 2042 668 {709

1080 737 1139 799 sub
1155 738 1343 802 diedecima
1360 741 1477 802 mensis
1494 741 1561 803 iulii
1579 742 1725 818 proxime
1741 757 1828 818 prae-

1081 832 1177 903 teriti,
1203 833 1329 909 praevia
1358 833 1426 896 eius
1456 835 1599 912 epistola,
1624 835 1740 897 dilecto
1762 835 1828 896 tilio

1083 926 1234 1002 magistro
1251 925 1349 988 Silvia
1372 929 1411 989 de
1433 927 1613 1000 Cavaleriis,
1638 931 1669 990 in
1691 936 1827 1005 utraque

1079 1018 1241 1094 signatura
1278 1029 1385 1082 nostra
1415 1022 1634 1085 referendario
1669 1023 1828 1084 eiusdem-

1080 1126 1142 1188 que
1170 1111 1437 1190 Congregationis
1468 1118 1657 1188 secretario,
1688 1117 1825 1189 directa,

1080 1205 1234 1268 obtulerit
1254 1206 1504 1286 Congregationi
1532 1210 1710 1286 praedictae
1739 1219 1771 1272 et
1792 1227 1827 1272 re

1079 1301 1143 1376 ipsa
1159 1317 1254 1362 suum
1271 1317 1462 1364 consensum
1483 1303 1689 1380 praestiterit,
1707 1321 1740 1365 ac
1756 1320 1826 1381 pro-

1079 1401 1186 1469 pterea
1210 1403 1272 1456 tam
1297 1397 1363 1472 ipse
1386 1395 1509 1468 Petrus,
1535 1411 1628 1473 quam
1651 1397 1702 1458 alii
1726 1397 1826 1460 dictae
1860 1406 2060 1452 bernardina-

1077 1485 1344 1564 Cpngregationis
1365 1487 1558 1561 cardinales,
1583 1489 1751 1551 ellicaciter
1773 1509 1826 1552 ex·
1845 1459 2059 1568 ἓῧῖἶῆῗὲῗεῖοῧέἶῖἶ

1078 1587 1232 1657 optantes,
1253 1599 1365 1644 eornm
1389 1582 1681 1659 congregationem
1704 1587 1826 1662 praedi·
1846 1567 2058 1674 ffi}}i'ff‡²¹'al'{if›⁴r¹il

1076 1681 1171 1744 ctam,
1188 1676 1282 1735 etiam
1307 1691 1364 1752 pro
1387 1677 1498 1737 maiori
1521 1677 1754 1748 sublevamine,
1772 1696 1824 1740 au·
1845 1681 1905 1780 ffl}
1924 1673 2058 1770 ⁵,i{¹,¹,ss,⁸,{2‡,¹{

1077 1775 1209 1842 gmento
1224 1777 1256 1830 et
1267 1771 1511 1832 conservatione
1527 1771 1732 1833 alumnorum
1751 1773 1824 1879 dicti
1845 1780 2058 1878 figuggeffiffiii

1076 1861 1204 1938 collegii
1235 1880 1292 1926 εει]
1321 1867 1500 1938 seminarii,
1533 1875 1569 1928 ut
1594 1867 1651 1942 ipsi
1680 1867 1824 1929 alacriori
1843 1886 1875 1930 aa
1895 1897 1973 1946 «arpo
1993 1887 2057 1931 accc

1075 1955 1182 2017 animo
1204 1958 1317 2019 studiis
1339 1959 1473 2036 aliisque
1493 1959 1711 2036 spiritualibus
1734 1977 1824 2022 exer·
1844 1949 2057 2048 Effissssa'fflfifffe'

1076 2048 1156 2110 citiis
1179 2065 1291 2113 vacare
1313 2054 1445 2129 possint,
1469 2053 1506 2114 ab
1531 2069 1629 2114 onere
1655 2052 1837 2116 solutionis

1075 2143 1204 2203 canonis
1227 2161 1283 2206 seu
1306 2146 1524 2223 responsionis
1547 2146 1726 2224 praedictae
1742 2157 1824 2224 post·

1077 2235 1132 2296 hac
1145 2237 1242 2298 eximi
1260 2246 1292 2298 et
1306 2237 1446 2312 liberari,
1462 2240 1553 2300 nobis
1568 2236 1737 2301 humiliter
1751 2257 1824 2320 sup-

1076 2328 1183 2406 plicari
1210 2331 1367 2402 lecerunt,
1395 2343 1552 2410 qnatenus
1585 2349 1699 2395 eorum
1728 2336 1822 2404 votis,

1076 2422 1132 2490 bac
1153 2424 1184 2484 in
1208 2431 1307 2501 parte,
1326 2441 1480 2498 annuere,
1497 2437 1529 2488 et
1550 2435 1586 2487 ut
1607 2425 1688 2488 inira
1710 2443 1824 2506 oppor-

1075 2523 1152 2577 tune
1175 2518 1345 2594 providere
1368 2519 1407 2579 de
1431 2519 1627 2596 benignitate
1653 2521 1823 2598 apostolica

1075 2609 1299 2685 dignaremur:
1331 2627 1388 2673 nos
1417 2613 1533 2692 igitur,
1568 2613 1623 2689 qui
1651 2612 1731 2675 nihil
1760 2621 1821 2676 tam

1074 2717 1175 2778 aeque
1198 2705 1356 2781 cupimus,
1381 2721 1475 2782 quam
1499 2713 1535 2767 ut
1556 2705 1768 2782 collegiorum
1792 2717 1824 2769 et

1076 2796 1219 2858 locorum
1242 2797 1369 2874 piorum
1392 2801 1424 2860 in
1452 2799 1532 2861 urbe
1561 2807 1742 2861 erectorum
1766 2818 1823 2878 pre

1075 2889 1136 2949 lide
1167 2891 1343 2953 orthodoxa
1370 2892 1547 2969 amplianda
1570 2899 1601 2954 et
1623 2897 1823 2971 propaganda

1073 2981 1275 3046 indemnitati
1297 2985 1494 3058 consulatur,
1519 2986 1647 3047 illorum
1682 3003 1822 3065 praeser-

1075 3076 1143 3146 tim,
1167 3077 1200 3138 in
1223 3078 1338 3154 quibus
1361 3095 1396 3140 ea
1417 3079 1508 3156 viget
1525 3079 1682 3142 bonarum
1705 3083 1822 3145 artium

1074 3168 1250 3246 disciplina,
1267 3187 1347 3247 quae
1370 3172 1448 3233 inibi
1463 3173 1618 3248 degentes
1637 3189 1701 3235 non
1716 3175 1820 3236 solum

1074 3263 1110 3322 ad
1128 3263 1209 3324 bene
1229 3265 1385 3342 beateque
1408 3266 1584 3326 vivendum
1600 3265 1754 3344 impellat,
1768 3283 1822 3331 ve-

1074 3371 1146 3416 rum
1169 3359 1262 3418 etiam
1288 3360 1327 3418 ita
1351 3375 1383 3420 ιιι
1400 3357 1554 3420 mandatis
1570 3358 1696 3420 Domini
1711 3360 1822 3422 lirmos

1074 3451 1185 3511 reddat
1206 3459 1238 3512 et
1259 3458 1448 3523 constantes,
1466 3459 1502 3513 ut
1523 3459 1555 3513 et
1576 3453 1652 3514 vitia
1673 3453 1775 3515 vitare
1790 3464 1823 3516 et

1074 3542 1271 3613 haeresibus,
1296 3545 1430 3620 quaein
1453 3545 1588 3606 diversis
1611 3545 1696 3606 orbis
1727 3547 1822 3624 parti-

1074 3635 1132 3695 bus
1154 3635 1286 3714 impune
1309 3645 1503 3714 grassantur,
1521 3653 1579 3718 pro
1598 3639 1721 3701 viribus
1744 3643 1822 3703 resi-

1073 3734 1158 3790 stere
1181 3729 1324 3802 valeant,
1355 3733 1663 3803 animadvertentes,
1688 3735 1820 3810 quodsi

1074 3821 1161 3897 pium
1180 3823 1239 3884 hoc
1255 3832 1286 3885 et
1300 3825 1458 3886 laudabile
1474 3826 1626 3902 praedicti
1648 3827 1732 3888 Petri
1749 3828 1820 3889 Car-

1072 3913 1184 3976 dinalis
1214 3919 1413 3995 propositum
1449 3919 1659 3995 exequutioni
1692 3921 1820 3983 deman-

1072 4008 1212 4080 daretur,
1237 4009 1327 4071 iacile
1350 4011 1443 4082 ioret,
1461 4021 1497 4073 ut
1511 4011 1627 4072 exinde
1643 4013 1724 4074 dicta
1739 4013 1819 4078 Gon·

1072 4103 1228 4178 gregatic,
1261 4112 1307 4166 tot
1331 4105 1490 4181 tantisque
1520 4106 1668 4182 expensis
1698 4107 1820 4170 missio-

1071 4213 1148 4257 num
1167 4208 1380 4275 praegravata,
1397 4201 1509 4262 saltem
1533 4201 1565 4262 in
1588 4201 1695 4278 aliquo
1714 4204 1819 4266 suble-

1072 4298 1166 4350 vetur
1188 4298 1220 4352 et
1241 4293 1408 4353 uberiores
1431 4294 1462 4355 in
1486 4295 1579 4354 vinea
1606 4294 1732 4356 Dorniui
1755 4296 1819 4358 iru-

1070 4391 1140 4444 ctus
1162 4398 1219 4461 per
1236 4385 1309 4447 dicti
1324 4386 1451 4464 collegii
1468 4402 1525 4448 seu
1540 4388 1704 4448 seminarii
1719 4390 1817 4452 alum-

1071 4493 1128 4538 nos
1150 4485 1369 4556 reportentur,
1393 4497 1427 4540 ac
1449 4488 1618 4558 propterea
1640 4484 1714 4545 dicti
1733 4484 1817 4545 Petri

1070 4569 1244 4632 Cardinalis
1266 4573 1372 4634 zelum
1393 4583 1425 4634 et
1440 4575 1680 4638 ecclesiasticam
1704 4579 1819 4640 sollici-

1071 4665 1215 4726 tudinem
1241 4666 1417 4743 plurimum
1443 4667 1475 4729 iu
1499 4668 1634 4730 llomino
1655 4687 1818 4734 commen-

1070 4763 1190 4834 dantes,
1205 4765 1338 4842 eiusque
1352 4767 1529 4827 etaliorum
1548 4769 1725 4844 praedictae
1737 4770 1817 4832 (lorr-

1069 4859 1265 4935 gregationis
1287 4859 1502 4922 Cardinalium
1526 4861 1682 4938 precibus,
1705 4873 1817 4942 utpote

1068 4957 1104 5016 ad
1128 4955 1273 5016 divinum
1295 4955 1417 5016 cultum
1440 4955 1472 5015 in
1495 4955 1578 5016 dicto
1600 4956 1737 5032 collegio
1759 4975 1816 5022 seu

1068 5049 1240 5110 seminario
1260 5048 1517 5126 promovendum
1540 5056 1572 5108 et
1593 5047 1814 5126 adaugendum

1069 5143 1212 5220 apprime
1236 5142 1452 5214 tendentibus,
1475 5149 1593 5202 attenta
1616 5149 1676 5202 tam
1708 5161 1816 5205 neces·

1067 5237 1146 5298 saria
1162 5245 1194 5298 et
1208 5236 1278 5297 utili
1298 5251 1399 5305 causa,
1422 5234 1562 5310 benigne
1577 5243 1767 5309 annuentes,
1785 5245 1816 5298 et

1068 5331 1099 5390 in
1123 5331 1305 5407 praemissis
1322 5337 1502 5406 opportune
1519 5330 1699 5405 providere,
1721 5348 1755 5392 ac
1771 5331 1815 5391 di·
1849 5341 1980 5410 artocreas
1996 5346 2048 5386 aaa

1067 5433 1133 5485 ctae
1160 5423 1428 5499 Corrgregationis
1457 5422 1638 5483 Cardinales
1665 5442 1698 5485 ac
1727 5439 1815 5502 prae·
1834 5394 1951 5490 li'llll'lf
1991 5408 2047 5438 ⁰⁰¹*

1067 5519 1141 5579 dicti
1162 5517 1289 5593 collegii
1312 5533 1368 5576 seu
1391 5517 1554 5577 seminarii
1583 5516 1730 5578 alumnos
1752 5535 1814 5579 am·

1067 5612 1176 5689 plioris
1200 5611 1318 5688 gratiae
1344 5610 1453 5670 lavore
1481 5611 1632 5687 prosequi
1655 5612 1812 5685 volentes,

1067 5721 1255 5766 consensum
1280 5705 1384 5781 ipsum
1401 5721 1416 5763 a
1436 5703 1519 5764 dicto
1542 5703 1635 5766 Petro
1657 5705 1815 5768 Cardinali

1066 5815 1164 5876 super
1192 5798 1371 5875 praemissis
1403 5797 1553 5857 omnibus
1586 5813 1643 5874 per
1669 5800 1812 5860 eamdem

1067 5893 1233 5970 epistolam
1256 5885 1311 5963 sic,
1335 5899 1371 5952 ut
1397 5888 1588 5968 praefertur,
1613 5893 1812 5968 praestitum,

1066 5990 1102 6051 ad
1126 5990 1196 6062 boc,
1222 5994 1257 6049 ut
1277 5987 1419 6059 cassatio,
1439 5986 1580 6061 abolitio,
1599 5987 1761 6066 exemptio
1784 5996 1815 6050 et
