4814 6998
818 631 1008 678 TRACTATES
1030 631 1087 678 sub
1108 632 1321 678 concubuere

336 753 405 828 52.
431 753 508 814 ilinc
530 752 708 814 iuventutis
735 751 894 814 institutio
923 750 955 811 in
977 750 1047 812 uni-

297 846 523 920 versitatibuS,
560 844 723 921 collegiis,
759 843 877 905 sobolis
913 850 945 906 et
979 842 1047 904 aliis

298 939 447 1002 omatibus
470 939 666 1002 educationis
681 953 739 1002 seu
761 937 979 1000 instructionis
1001 935 1047 997 in·

297 1033 419 1096 stitutis
455 1033 517 1094 erit
548 1033 641 1111 plane
678 1031 852 1096 conformis
885 1031 1047 1092 doctrinae

297 1127 443 1190 eiusdem
472 1126 644 1190 catbolicae
666 1125 847 1203 religionis,
872 1131 903 1186 et
931 1123 1048 1186 idcirco

297 1221 442 1300 Episcopi
465 1226 497 1282 ct
518 1221 662 1283 locorum
685 1217 841 1281 Ordinarii
864 1218 958 1280 liberi
981 1232 1047 1278 om-

298 1315 374 1376 nino
397 1321 494 1376 erunt
520 1315 552 1376 in
582 1313 749 1390 dirigenda
775 1313 936 1382 doctrina,
968 1327 1048 1388 quae

297 1407 334 1469 ad
359 1407 555 1485 theologicas
577 1413 609 1468 et
631 1406 775 1469 canonici
792 1406 870 1468 iuris
886 1405 1049 1468 facultates

298 1501 388 1563 etad
411 1500 486 1562 alias
509 1501 731 1564 ecclesiasticas
754 1500 888 1577 eiusque
920 1498 1049 1577 generis

297 1593 478 1672 disciplinas
501 1595 653 1672 pertinet.
682 1593 815 1672 Insuper
839 1594 936 1657 iidem
958 1591 1048 1656 Ordi-

298 1688 377 1748 narii
400 1697 432 1748 et
453 1686 599 1766 Episcopi
621 1694 749 1764 praeter
778 1687 864 1752 illam
896 1686 1049 1748 sollicitu-

298 1782 419 1853 dinem,
443 1796 538 1859 quam
562 1797 602 1842 ex
618 1781 739 1859 proprii
756 1781 925 1843 ministerii
945 1780 1049 1842 obicio

298 1875 330 1936 in
342 1874 526 1952 religiosam
537 1875 714 1937 iuventutis
727 1873 947 1936 educationem
958 1890 1049 1936 exer·

298 1975 389 2036 cent.
422 1967 643 2044 advigilabant
669 1967 782 2040 etiam,
810 1975 846 2029 ut
876 1969 907 2030 in
938 1969 1049 2044 quavis

299 2061 449 2123 tradenda
472 2061 633 2138 disciplina
665 2061 744 2123 nibil
766 2061 863 2132 adsit,
895 2063 979 2138 quod
1002 2079 1049 2123 ca·

299 2154 434 2216 tbolicae
450 2153 600 2232 religioni
616 2170 811 2231 morumque
826 2155 983 2216 bonestati
998 2156 1049 2217 ad·

298 2257 460 2312 versetur.

338 2346 357 2420 ἓ
378 2344 407 2406 3.
431 2344 578 2421 Episcopi
594 2349 759 2422 praeterea
773 2343 843 2404 iure
858 2359 917 2404 suo
939 2343 1051 2405 lrnun·

299 2450 351 2502 tnr
382 2437 583 2501 examinandi
612 2443 644 2498 et
672 2452 839 2498 censuram
863 2436 987 2498 terendi
1017 2437 1048 2498 in

302 2549 415 2595 omues
437 2531 537 2594 libros
553 2537 584 2594 et
601 2530 832 2608 publicationes
847 2545 1050 2608 quacumque

301 2614 425 2690 ra'tioue
447 2626 479 2686 in
510 2625 629 2702 vulgos
652 2625 773 2695 missas,
804 2640 885 2702 quae
916 2626 951 2687 ad
977 2625 1049 2687 tldei

301 2721 459 2796 dogmata,
484 2718 642 2780 Ecclesiae
665 2718 863 2795 disciplinam
887 2717 969 2780 etad
995 2734 1049 2796 pu-

300 2814 413 2876 blicam
437 2828 565 2875 mornm
589 2812 789 2874 honestatem
813 2814 926 2890 quovis
954 2815 1049 2875 modo

299 2909 474 2988 pertinent,
498 2912 529 2968 et
551 2905 754 2984 Reipublicae
770 2908 981 2991 ,magistratus
1010 2923 1048 2970 ex

299 3001 420 3080 proprii
449 3001 606 3077 cuiusque
636 3000 779 3062 minueris
802 3001 834 3060 vi
863 3007 895 3061 et
916 3001 1050 3063 auctori·

300 3101 363 3158 tate
385 3109 477 3172 opem
505 3099 537 3155 et
559 3108 689 3171 operam
712 3094 918 3170 praestabunt
942 3094 979 3155 ad
1003 3100 1050 3156 tu-

299 3189 407 3251 tandas
423 3187 657 3266 dispositiones,
675 3200 751 3263 quas
767 3188 827 3264 ipsi
844 3185 989 3266 Episcopi
1004 3188 1049 3249 iu-

298 3291 352 3344 xta
374 3281 539 3344 canonicas
560 3279 739 3342 sanctiones
757 3281 936 3358 suscepturi
955 3289 1052 3344 erunt

301 3376 338 3437 ad
367 3375 559 3452 religionem
588 3375 749 3447 tuendam,
781 3381 876 3452 atque
903 3376 938 3437 ad
965 3377 1052 3438 deri-

303 3470 434 3531 tandum
458 3467 612 3545 quidquid
636 3467 740 3530 eidem
765 3468 914 3544 religioni
939 3470 1050 3531 adver·

300 3562 362 3624 sari
385 3562 494 3640 possit.

338 3658 358 3731 5
377 3654 407 3716 l.
430 3654 512 3717 Cum
527 3653 688 3717 Romanus
704 3655 853 3718 Pontilex
877 3657 1049 3734 primatum

298 3749 331 3811 in
358 3747 553 3818 raniversam,
577 3763 639 3824 qua
660 3748 723 3810 late
750 3756 845 3826 patet,
875 3749 1049 3814 Ecclesiam

298 3844 370 3905 iure
392 3841 502 3904 divino
524 3841 676 3912 obtineat,
694 3849 756 3904 tam
780 3841 936 3922 Episcopi,
954 3859 1050 3922 quam

298 3935 405 3998 clerus
428 3943 461 3996 et
482 3935 619 4012 populus
649 3933 845 4012 libere'cum
870 3937 1050 4014 Apostolica

301 4027 385 4092 Sede
405 4027 701 4090 communicabunt.

338 4121 408 4197 §d
432 4121 633 4184 Gubernium
662 4121 701 4182 de
731 4122 904 4199 Nicaragua
932 4122 1051 4200 obliga-

300 4215 385 4278 tione
400 4232 435 4277 se
452 4215 625 4292 obstringit
647 4217 826 4293 praestandi
843 4224 875 4278 et
890 4217 1048 4294 integram

298 4308 448 4370 servandi
477 4309 584 4370 dotem
613 4325 671 4388 pro
693 4309 866 4388 Episcopo,
898 4311 1047 4388 capitulo,

298 4401 483 4472 seminario,
508 4408 540 4462 et
564 4401 663 4464 divini
693 4402 799 4464 cultus
828 4421 861 4464 ac
889 4421 1050 4466 sacrarum

298 4496 425 4558 aedium
449 4497 596 4573 expensis
618 4511 716 4573 super
738 4496 845 4558 lundis
867 4497 980 4560 aerarii
1000 4516 1052 4561 na·

300 4589 395 4652 tionis
418 4589 457 4652 de
479 4588 652 4666 Nicaragua
680 4590 765 4651 iuxta
795 4591 1050 4668 designationem

299 4683 330 4742 in
354 4683 417 4744 dne
440 4682 535 4743 buius
550 4682 774 4744 conventionis
797 4699 993 4761 expressam.
1012 4687 1051 4747 Et

299 4776 424 4852 quoties
448 4789 550 4836 novae
565 4775 728 4837 dioeceses
752 4783 849 4838 erunt
863 4778 1049 4855 erigendae,

299 4869 410 4930 eadem
442 4883 554 4930 norma
585 4868 692 4930 locum
725 4869 854 4932 babebit
885 4887 944 4949 pro
976 4873 1051 4936 dote

299 4963 455 5039 cuiusque
478 4962 641 5034 ecclesiae,
665 4963 794 5040 capituli
817 4971 849 5026 et
873 4967 1049 5028 seminarii.

299 5053 380 5116 Cum
403 5062 509 5116 autem
534 5055 718 5118 buiusmodi
735 5056 825 5117 dotes
847 5047 1051 5134 assignentur

298 5150 570 5229 compensatione,
584 5151 648 5212 imo
665 5151 746 5224 loco,
759 5153 969 5224 decimarum,
983 5155 1050 5231 qui-

300 5244 358 5306 bus
375 5245 434 5306 boo
450 5243 545 5306 modo
560 5244 746 5323 supplendis
762 5245 963 5308 Gubernium
980 5263 1051 5327 pro-

298 5340 367 5416 pria
388 5339 474 5400 illius
490 5338 550 5400 loci
573 5339 718 5400 utilitatis
734 5355 825 5400 causa
841 5347 872 5400 et
895 5340 1051 5419 Episcopo

299 5433 521 5494 consentiente
536 5451 552 5494 a
573 5431 655 5496 Sede
671 5433 849 5510 apostolica
866 5433 1051 5496 huiusmodi

299 5528 428 5589 veniam
456 5527 548 5604 petiit
576 5535 608 5589 et
637 5527 786 5600 obtinuit,
816 5527 934 5589 idcirco
961 5529 1051 5589 dotes

299 5625 384 5702 ipsae
401 5623 564 5686 habendae
581 5627 713 5686 omnino
730 5633 838 5697 erunt,
853 5632 949 5703 prout
964 5633 1049 5696 sunt,

302 5718 396 5780 titulo
419 5734 575 5794 oneros03
599 5736 632 5780 ac
654 5728 825 5797 propterea
850 5718 1050 5781 Gubernium

1776 615 1836 677 325

1103 750 1354 828 dependentium
1377 750 1562 812 reddituum
1586 755 1732 812 naturam
1762 749 1856 810 ratio·

1104 859 1245 920 nemque
1266 843 1445 922 adquirant.

1143 939 1161 1011 ς
1182 935 1210 997 6.
1237 936 1365 998 Parocbi
1383 944 1520 1014 pergent
1543 935 1677 1013 exigere
1700 935 1856 1012 primitias

1104 1037 1136 1092 et
1157 1029 1392 1102 emolumenta,
1416 1044 1497 1106 quae
1521 1047 1537 1091 a
1566 1028 1645 1092 stola
1672 1044 1856 1107 nuncupan-

1104 1130 1168 1196 tur,
1182 1123 1270 1185 salvo
1286 1119 1442 1185 Ordinarii
1458 1124 1532 1184 iure
1548 1122 1627 1184 baec
1642 1123 1752 1184 eadem
1769 1137 1856 1184 emo-

1104 1217 1248 1279 lumenta
1270 1217 1302 1279 in
1326 1217 1453 1296 propria
1469 1217 1608 1279 dioecesi
1632 1216 1784 1294 religiose
1807 1233 1856 1278 or·

1105 1311 1234 1374 dinaudi
1268 1327 1324 1388 per
1355 1317 1569 1389 opportunam
1603 1311 1723 1388 legem,
1755 1311 1857 1373 donec

1105 1403 1250 1482 parochis
1273 1403 1348 1482 ipsis
1370 1420 1523 1480 congrua,
1543 1412 1620 1476 tuta,
1637 1405 1856 1483 independens

1104 1499 1160 1560 dos
1182 1497 1281 1560 luerit
1306 1497 1457 1560 attributa
1488 1515 1503 1558 a
1530 1497 1705 1570 Gubernio,
1734 1497 1857 1562 collatis

1104 1591 1241 1653 invicem
1265 1607 1363 1668 super
1386 1591 1443 1655 bac
1465 1607 1589 1654 recum
1613 1593 1752 1671 propriis
1766 1590 1856 1655 Ordi-

1104 1687 1200 1748 nsriis
1222 1686 1373 1748 consiliis.

1143 1781 1162 1854 ἓ
1185 1779 1213 1842 7.
1237 1778 1282 1841 db
1299 1780 1477 1857 praedictae
1493 1781 1575 1844 dotis
1591 1781 1852 1860 assignationem,

1105 1888 1186 1950 quae
1224 1881 1409 1951 praesentes
1446 1875 1643 1938 decimarum
1679 1885 1855 1955 proventus

1105 1975 1245 2046 superat,
1263 1983 1409 2045 quaeque
1425 1984 1464 2030 ex
1480 1970 1579 2048 ipsius
1595 1969 1749 2034 Gubernii
1763 1989 1857 2050 spon·

1105 2062 1195 2123 sione
1224 2061 1383 2138 copiosior
1413 2062 1523 2125 tuturo
1556 2071 1702 2143 tempore
1730 2067 1855 2139 evadet,

1107 2154 1259 2216 Summus
1274 2155 1421 2218 Pontifex
1442 2157 1582 2220 Praesidi
1597 2159 1800 2236 Reipublicae
1816 2161 1855 2223 de

1105 2248 1279 2325 Nicaragua
1302 2250 1436 2327 eiusque
1459 2251 1491 2312 in
1514 2267 1652 2314 munere
1667 2255 1856 2316 successori-

1106 2341 1164 2402 bus
1186 2342 1333 2404 coucedit
1354 2351 1538 2420 patronatus
1561 2345 1621 2420 ius,
1646 2362 1703 2407 seu
1726 2347 1856 2424 privile·

1106 2435 1194 2513 glum
1225 2437 1424 2513 proponendi
1455 2437 1487 2498 in
1517 2437 1658 2514 qualibet
1688 2440 1854 2503 vacatione

1106 2529 1257 2592 ecclesiae
1277 2529 1513 2608 assumptionis
1529 2531 1641 2593 Beatae
1658 2531 1772 2596 llariae
1788 2533 1858 2595 Vir-

1107 2624 1187 2700 ginis
1210 2633 1242 2686 et
1264 2622 1396 2684 aliarum
1421 2624 1453 2686 in
1476 2641 1515 2686 eo
1537 2626 1702 2688 territorio
1729 2627 1857 2704 erigen-

1105 2717 1216 2778 darum
1258 2715 1465 2778 ecclestarum
1508 2719 1621 2796 dignos
1657 2721 1856 2799 idoneosque

1105 2810 1334 2872 ecclesiasticos
1361 2811 1447 2872 viros
1479 2813 1515 2873 iis
1549 2814 1698 2875 omnibus
1730 2815 1856 2877 dotibus

1105 2904 1275 2982 praeditos,
1300 2919 1377 2981 quas
1398 2921 1440 2965 ss.
1457 2921 1595 2968 canones
1617 2907 1800 2984 requirunt,
1824 2917 1857 2970 et

1103 2999 1188 3060 idem
1213 2996 1365 3060 Summus
1382 2997 1528 3060 Pontilex
1544 2999 1630 3062 iuxta
1647 3001 1856 3079 praescriptas

1103 3093 1141 3154 ab
1152 3092 1292 3154 Ecclesia
1308 3091 1437 3168 regulas
1453 3091 1565 3155 iisdem
1578 3093 1657 3154 viris
1672 3093 1854 3156 canonicam

1104 3185 1338 3248 institutionem
1362 3201 1401 3246 ex
1432 3185 1592 3248 consuetis
1618 3185 1731 3248 lormls
1757 3185 1853 3250 dabit.

1105 3279 1267 3357 designati
1282 3295 1361 3341 vero
1376 3278 1467 3340 nullo
1479 3279 1575 3341 modo
1590 3295 1661 3341 sese
1673 3279 1856 3342 immiscere

1105 3379 1258 3452 poterunt
1274 3373 1425 3450 regimini
1441 3379 1472 3434 et
1487 3373 1753 3437 administrationi
1768 3373 1855 3436 illius

1105 3467 1269 3538 ecclesiae,
1294 3468 1330 3530 ad
1353 3483 1449 3544 quam
1472 3466 1593 3529 luerint
1615 3467 1780 3540 nominati,
1804 3485 1856 3530 an-

1106 3569 1233 3638 tequam
1254 3561 1440 3638 apostolicas
1461 3561 1628 3622 canonicae
1644 3561 1855 3623 institutionis

1104 3655 1228 3719 litteras
1251 3655 1449 3733 exceperint,
1483 3661 1579 3732 prout
1609 3655 1688 3717 sacri
1718 3671 1855 3718 canones

1106 3749 1338 3829 praescribunt.
1381 3747 1584 3827 Reipublicae
1619 3749 1749 3812 Praeses
1792 3765 1856 3811 non

1104 3843 1188 3905 ultra
1210 3859 1330 3904 annum
1353 3861 1368 3904 a
1388 3842 1559 3904 vacationis
1581 3842 1632 3904 die
1655 3842 1855 3904 nominatum

1105 3935 1332 4015 praesentabit.
1426 3931 1432 3944 ⁴
1690 3931 1695 3940 '

1144 4030 1162 4103 g
1183 4027 1213 4089 8.
1238 4027 1354 4090 Eadem
1373 4029 1412 4090 de
1434 4045 1525 4090 causa
1542 4027 1695 4090 Summus
1710 4027 1856 4091 Pontilex

1104 4121 1307 4201 Reipublicae
1343 4121 1484 4184 Praesidi
1516 4122 1676 4184 indultum
1710 4123 1857 4186 concedit

1105 4216 1291 4278 nominandi
1313 4216 1350 4278 ad
1367 4231 1479 4278 omnes
1494 4215 1631 4294 Capituli
1646 4218 1854 4295 praebendas,

1104 4312 1173 4373 sive
1188 4311 1252 4372 sint
1274 4309 1454 4386 dignitates,
1472 4310 1541 4372 sive
1556 4312 1771 4382 canonicatus,
1788 4313 1857 4373 sive

1104 4404 1257 4467 interiora
1280 4403 1433 4465 beneficia
1459 4405 1620 4480 usquead
1652 4421 1708 4466 sex
1734 4405 1856 4468 dumta-

1106 4505 1168 4569 xat,
1187 4497 1328 4575 exceptis
1341 4497 1442 4574 prima
1458 4496 1624 4574 dignitate,
1639 4513 1720 4575 quae
1735 4497 1855 4560 liberae

1105 4590 1236 4654 Sanctae
1259 4589 1350 4652 Sedis
1365 4589 1526 4652 collationi
1549 4597 1709 4653 reservata
1731 4606 1855 4669 perma-

1106 4693 1171 4757 net,
1196 4701 1320 4747 necnon
1346 4683 1520 4760 theologali
1550 4690 1583 4745 et
1611 4684 1856 4762 poenitentiaria

1106 4779 1305 4859 praebendis,
1323 4793 1403 4855 quae
1418 4778 1456 4840 ab
1472 4777 1635 4858 Episcopis
1657 4779 1787 4857 praevio
1803 4795 1857 4841 ex-

1106 4875 1287 4954 perimento
1313 4888 1370 4934 seu
1402 4887 1561 4934 concursu
1592 4873 1652 4934 rite
1682 4873 1790 4935 habito
1818 4873 1856 4935 iis

1105 4967 1326 5039 conterentur,
1344 4982 1424 5043 quos
1447 4967 1611 5042 digniores
1630 4967 1852 5030 iudicaverint.

1106 5062 1308 5140 Reipublicae
1322 5061 1464 5132 Praeses,
1479 5059 1542 5123 illis
1553 5076 1682 5138 semper
1698 5063 1853 5140 exceptis,

1104 5155 1140 5216 ad
1164 5171 1220 5217 sex
1242 5154 1310 5216 illas
1337 5153 1533 5231 praebendas
1556 5154 1751 5226 nominabit,
1776 5169 1857 5232 quae
1884 5229 1889 5238 ‚

1106 5249 1243 5327 primum
1265 5255 1433 5310 vacaturae
1452 5257 1538 5320 sunt,
1556 5263 1683 5326 queque
1701 5249 1737 5310 ad
1761 5249 1857 5328 ipsius

1105 5343 1359 5404 nominationem
1378 5349 1534 5420 perpetuo
1557 5343 1775 5419 pertinebunt.
1798 5343 1857 5406 Re·

1106 5436 1210 5514 liquae
1226 5445 1332 5500 autem
1350 5437 1583 5512 cuiuscumque
1599 5439 1727 5500 taudem
1749 5439 1856 5500 classis

1105 5537 1137 5591 et
1158 5530 1285 5592 numeri
1301 5529 1429 5592 futurae
1451 5531 1526 5602 sint,
1544 5532 1695 5608 quoniam
1718 5533 1751 5594 in
1767 5549 1874 5612 prae·-

1105 5625 1207 5686 sentia
1230 5626 1373 5702 quinque
1398 5632 1520 5686 tantum
1543 5625 1701 5699 existunt,
1725 5627 1763 5688 ab
1785 5627 1856 5704 Epi·

1106 5734 1202 5796 scopo
1224 5718 1446 5782 conterentur.
1464 5717 1495 5780 ld
1513 5725 1620 5781 tamen
1643 5735 1707 5782 nou
1723 5721 1857 5798 impedit

299 5819 460 5888 tamquam
483 5827 597 5876 verum
619 5813 777 5875 Ecclesiae
799 5813 957 5875 creditum
975 5829 1051 5890 erga
1078 5824 1080 5891 t
1105 5813 1278 5888 quominus
1304 5813 1383 5874 aliae
1413 5813 1613 5890 praebendae
1644 5814 1676 5874 in
1702 5813 1854 5892 Capitulis

300 5907 462 5970 nationem
485 5907 525 5968 de
547 5907 721 5985 Nicaragua
743 5908 834 5969 dotes
856 5908 938 5985 ipsas
953 5925 1051 5986 agno·
1078 5894 1080 5955 l
1105 5907 1227 5984 possint
1248 5906 1383 5979 institui,
1401 5921 1481 5984 quae
1506 5922 1562 5984 per
1577 5906 1741 5984 publicum
1758 5923 1855 5986 expe-

212 6088 215 6094 ,
299 6001 368 6074 scit,
391 6016 472 6079 quae
494 6002 536 6063 ita
562 6001 741 6065 liberorum
762 6018 819 6064 seu
849 6003 982 6064 omnino
1003 6003 1049 6066 in·
1078 5962 1080 6070 l
1106 6001 1282 6061 rimentum
1313 6015 1370 6062 seu
1403 6016 1608 6074 concursum,
1641 6001 1742 6088 velanti
1773 6003 1854 6066 duae
