4814 6992
327 1662 377 1718 Art.
392 1663 419 1715 tl.
437 1660 503 1716 {625

323 2983 422 3024 Causae
437 2989 523 3024 conce·-

309 3033 387 3078 dendi
404 3031 510 3076 indulti.

1057 605 1123 651 ltin.
1147 607 1239 656 boux.
1264 609 1304 654 DE
1325 610 1355 656 P.
1379 609 1408 654 F.
1434 607 1518 654 PARS
1539 609 1561 656 l.
1615 607 1616 611 ’

1049 1180 1284 1262 cusanus
1323 1181 1452 1260 rara
1492 1183 1583 1284 lllll.

905 1658 927 1720 l.

542 1847 705 1913 indultum
728 1863 787 1929 pro
810 1845 982 1910 Fratribus
1004 1846 1035 1910 S.
1060 1847 1228 1912 Froucisci
1252 1848 1289 1910 de

583 1939 793 2005 observantia
814 1943 848 2003 iu
867 1939 1017 2022 portibus
1040 1941 1209 2004 lubiorum
1235 1941 1288 2004 Oe-

580 2035 787 2098 cideutoliuut
810 2033 1031 2105 euisteutibus,
1058 2035 1138 2113 quood
1160 2034 1196 2096 de
1217 2052 1288 2096 suo-

578 2145 651 2190 rum
672 2127 876 2208 superiorum
899 2127 1031 2192 licentio
1053 2147 1073 2191 o
1095 2144 1289 2207 quocumque

581 2221 735 2284 rotbolioo
753 2219 913 2291 Aretistite,
931 2220 967 2284 de
988 2238 1143 2284 couseusu
1165 2221 1289 2283 Dioece-

579 2315 675 2385 soni,
711 2313 753 2377 od
785 2330 890 2376 outues
925 2315 1022 2378 etium
1051 2313 1289 2394 presbyteratus

581 2409 707 2472 ordines
729 2413 824 2471 outre
846 2413 987 2488 temporo
1009 2413 1038 2470 et
1059 2425 1124 2470 nou
1155 2409 1290 2472 servetis

582 2501 766 2564 interstitiis
785 2503 966 2582 promoveri
984 2501 1141 2583 possint(
1162 2501 1185 2580 l.

732 2669 912 2738 uubanus
937 2671 998 2737 ΡΡ.
1022 2669 1095 2737 lllll.

662 2795 698 2862 ad
721 2799 896 2879 perpetuen
919 2793 963 2860 rei
989 2795 1170 2860 nemoriani.

582 2975 600 3049 ἓ
623 2973 651 3034 l.
674 2971 767 3061 Oum,
783 2971 865 3033 sicut
880 2971 1014 3033 dilectus
1036 2970 1121 3034 filius
1136 2971 1291 3035 Commis-

542 3067 643 3130 sarius
658 3067 691 3128 in
706 3065 845 3128 Romana
860 3065 955 3128 Curia
973 3065 1132 3142 generalis
1144 3066 1290 3128 Fratrum

542 3159 668 3224 Ordinis
692 3160 851 3222 llinorum
880 3157 911 3221 S.
934 3159 1091 3222 Francisci
1118 3160 1156 3222 de
1178 3157 1290 3222 Obser-

498 3255 502 3262 '
542 3255 648 3316 vantia
670 3260 929 3332 nuncupatorum
952 3253 1043 3315 nobis
1066 3253 1182 3331 exponi
1205 3253 1289 3324 lecit,

338 4579 474 4624 ludnltum
493 4575 524 4622 de

312 4644 364 4689 quo
372 4633 398 4676 ln
409 4631 524 4677 rubrica.

543 3349 688 3411 eiusdem
710 3345 836 3411 Ordinis
859 3345 890 3408 S.
908 3346 1065 3409 Francisci
1081 3347 1289 3425 professores,

543 3443 576 3504 in
597 3441 759 3504 indiarum
782 3441 1026 3504 occidentalium
1042 3441 1184 3520 partibus
1207 3457 1291 3502 com·

543 3541 715 3608 morantes,
738 3533 860 3596 assidua
883 3535 915 3595 in
937 3540 1213 3597 sacramentorum
1242 3550 1291 3596 ec-

542 3627 792 3692 clesiasticorum
814 3628 1102 3701 administratione,
1116 3628 1290 3690 continuis

543 3738 606 3800 que
638 3721 730 3785 verbi
761 3721 816 3784 Dei
843 3721 1130 3799 praedicationibus
1162 3729 1194 3784 et
1223 3721 1291 3785 aliis

543 3817 762 3895 spiritualibus
792 3816 969 3888 exercitiis,
1002 3815 1119 3878 uberes
1144 3816 1177 3877 in
1200 3817 1291 3879 vinea

543 3911 670 3974 ltcmini
681 3911 804 3974 tructus
820 3911 898 3972 inibi
911 3909 1054 3986 afferant3
1065 3917 1097 3972 et
1108 3917 1289 3989 propterea,

543 4021 607 4084 quo
622 4006 680 4084 ipsi
696 4005 823 4068 Fratres
845 4006 920 4068 dicti
942 4003 1067 4068 Ordinis
1084 4003 1115 4067 S.
1134 4005 1291 4068 Francisci

543 4101 577 4164 in
599 4100 688 4162 dic-tis
703 4099 845 4178 partibus
860 4105 1096 4162 commorantes
1110 4100 1144 4162 in
1165 4101 1291 4178 piorum

544 4211 680 4274 operum
692 4195 876 4257 huiusmodi
892 4195 1045 4257 exercitio
1056 4195 1167 4257 utilius
1180 4201 1212 4256 et
1227 4211 1292 4256 me-

543 4289 605 4351 lius
627 4289 815 4351 continuare
837 4287 974 4361 valeant,
992 4289 1114 4350 eisdem
1129 4288 1292 4351 Fratribus

544 4399 601 4461 per
626 4397 684 4443 nos
716 4377 856 4460 desuper
884 4381 1049 4460 indulgeri
1084 4399 1293 4462 summopere

544 4477 716 4540 desideret:

584 4571 653 4646 §2
677 4570 755 4644 Nos,
780 4571 925 4633 eiusdem
955 4571 1173 4636 commissarii
1196 4590 1292 4651 gene-

544 4663 619 4726 ralis
641 4665 735 4737 votis,
759 4671 914 4742 qnantum
938 4681 1010 4728 enm
1034 4665 1169 4730 Domino
1184 4685 1293 4747 possu-

545 4775 628 4830 mus,
645 4759 786 4836 benigne
805 4775 960 4834 annuere,
984 4760 1154 4838 ipsumque
1175 4763 1293 4841 specia-

545 4849 629 4912 libus
648 4851 809 4914 iavoribus
831 4860 864 4914 et
881 4853 990 4930 gratiis
1010 4854 1162 4932 prosequi
1182 4855 1292 4918 volen-

545 4952 604 5016 tes,
628 4962 662 5007 ac
677 4945 848 5008 domorum
863 4963 920 5009 seu
936 4955 1155 5010 conventuum
1167 4947 1293 5012 Ordinis

545 5037 692 5101 Fratrum
720 5039 750 5102 S.
775 5039 931 5103 Francisci
951 5045 983 5103 in
1007 5043 1128 5105 eisdem
1151 5044 1293 5122 partibus

546 5133 754 5195 existentium
769 5135 950 5211 singulares
965 5150 1117 5213 personas
1132 5155 1148 5199 a
1163 5137 1294 5214 quibus,-

545 5227 593 5288 vis
622 5229 979 5303 excommunicationis,
1013 5231 1232 5309 suspensionis
1262 5240 1294 5294 et

545 5321 717 5394 interdicti,
731 5321 865 5399 aliisque
881 5323 1099 5386 ecclesiasticis
1111 5326 1291 5399 sententiis,

545 5413 690 5476 censuris
712 5422 744 5477 et
765 5417 888 5495 poenis,
906 5435 921 5478 a
937 5418 1008 5480 iure
1024 5417 1075 5480 vel
1094 5418 1291 5493 abdomine,

546 5509 657 5586 quavis
673 5511 835 5574 occasione
848 5511 900 5573 vel
917 5512 1104 5585 causantis,
1127 5513 1153 5574 si
1177 5513 1293 5590 quibus

546 5604 790 5682 quomodolibet
810 5606 979 5668 innodatae
995 5607 1148 5680 existunt,
1166 5609 1203 5669 ad
1219 5608 1293 5669 elie-

547 5707 633 5762 ctum
656 5700 874 5778 praesentium
904 5701 1068 5762 dumtaxat
1095 5716 1293 5777 consequen-

587 5943 616 5998 (1)
633 5944 667 5986 De
681 5943 723 5987 his
737 5942 865 5988 tratribus
881 5943 937 5987 vide
951 5947 1032 5990 const.
1048 5943 1141 5989 Leonis
1156 5946 1184 5988 X.
1201 5947 1239 5988 lte
1251 5947 1276 5988 et
1290 5955 1343 6012 vos.

587 6010 617 6065 (2)
632 6013 732 6056 Forsan
746 6009 886 6066 legendum
900 6015 1126 6056 communionem.

1343 1659 1431 1732 dum,
1444 1659 1558 1722 harum
1571 1659 1655 1722 serie
1669 1643 1872 1722 absolventes
1888 1667 1920 1722 et
1933 1659 2092 1722 absolutas
2130 1662 2182 1716 An.
2196 1662 2224 1716 tt.
2240 1660 2316 1714 leue

1343 1753 1413 1815 lore
1435 1760 1615 1825 censentes,
1639 1752 1925 1831 supplicationibus
1947 1751 2091 1814 eiusdem

1343 1846 1559 1909 Commissarii
1583 1847 1742 1924 generalis
1768 1846 1900 1908 nomine
1920 1862 2017 1924 super
2033 1846 2093 1908 hoc

1343 1939 1435 2002 nobis
1458 1939 1625 2002 humiliter
1640 1939 1797 2017 porrectis
1813 1939 1966 2012 inclinati,
1991 1939 2092 2000 omni-

1345 2034 1404 2096 bus
1420 2041 1452 2096 ct
1464 2034 1600 2110 singulis
1614 2033 1758 2096 eiusdem
1777 2031 1904 2096 Ordinis
1920 2031 1951 2095 S.
1969 2033 2092 2096 Franci-

1345 2127 1388 2190 sci
1401 2127 1433 2189 in
1446 2127 1587 2206 partibus
1603 2125 1764 2188 lndiarum
1778 2125 2022 2188 occidentalium
2036 2127 2093 2187 bu·

1344 2221 1484 2284 insmodi
1497 2227 1620 2284 tantum
1632 2221 1845 2284 existentibus
1858 2237 2010 2300 expresse
2023 2235 2094 2298 pro·

1346 2315 1448 2388 lessis,
1472 2324 1508 2379 ut
1529 2316 1568 2378 de
1590 2316 1796 2394 superiorum
1809 2330 1943 2376 suorum
1966 2314 2094 2376 licentia

1345 2425 1362 2471 a
1384 2425 1600 2488 quocumque,
1617 2424 1715 2486 quem
1738 2409 1922 2482 maluerint,
1939 2409 2094 2472 catholico

1346 2503 1497 2566 llntistite
1515 2503 1647 2580 gratiam
1661 2511 1693 2565 et
1704 2503 1945 2565 concessionem
1955 2499 2002 2582 (2)
2014 2501 2095 2580 Apo·

1347 2597 1476 2659 stolicae
1492 2595 1583 2659 Sedis
1598 2596 1736 2658 habente
1752 2596 1784 2657 in
1807 2596 1934 2674 propria
1957 2595 2094 2658 dioecesi

1346 2691 1520 2764 residente,
1538 2691 1590 2753 vel
1605 2691 1638 2753 in
1653 2689 1754 2752 aliena
1770 2691 1808 2752 de
1824 2689 2008 2752 llioecesani
2034 2691 2094 2752 loci
2147 2768 2152 2778 Ι

1347 2801 1505 2847 consensu
1527 2785 1718 2864 pontificalia
1747 2791 1935 2857 exercente,
1960 2800 2017 2862 per
2040 2801 2094 2846 eos

1347 2877 1508 2956 eligendo,
1532 2877 1570 2940 ad
1592 2893 1704 2941 omnes
1726 2878 1822 2940 etiam
1841 2893 1947 2939 sacros
1972 2885 2003 2939 et
2024 2893 2094 2956 pre-

1346 2971 1528 3050 sbyteratus
1551 2972 1679 3034 ordines
1702 2978 1792 3034 extra
1807 2977 1952 3050 tempora
1973 2972 2009 3034 ad
2033 2972 2095 3034 ida

1346 3068 1417 3128 iure
1439 3073 1573 3140 statuta,
1596 3083 1630 3129 ac
1658 3065 1840 3128 interstitiis
1862 3083 1878 3126 a
1899 3083 1989 3129 sacro
2014 3065 2095 3130 Gon·

1347 3161 1419 3224 cilio
1442 3161 1629 3224 Tridentino
1652 3159 1823 3238 designatis
1840 3160 1973 3222 minime
1989 3176 2095 3222 serva·
2194 3220 2196 3224 .

1348 3255 1398 3326 tis,
1415 3255 1554 3332 annique
1569 3254 1689 3317 circulo
1705 3270 1776 3316 non
1792 3260 1969 3332 expectato,
1987 3255 2094 3316 etiam-

1347 3349 1373 3410 si
1388 3349 1421 3410 in
1443 3363 1640 3426 unoquoque
1656 3363 1695 3408 ex
1711 3346 1803 3408 dictis
1817 3346 1913 3409 sacris
1930 3347 2095 3410 ordinibus

1346 3443 1513 3521 susceptis,
1530 3449 1701 3519 antequam
1717 3441 1754 3503 ad
1770 3440 1868 3503 alium
1884 3457 2095 3520 promovean-

1347 3543 1415 3610 tur,
1440 3553 1474 3597 se
1506 3535 1641 3597 minime
1673 3534 1895 3608 exercuerint,
1919 3535 2095 3600 dummodo

1348 3637 1454 3692 tamen
1469 3629 1507 3691 ad
1522 3629 1553 3692 id
1568 3629 1676 3691 idonei
1691 3627 1906 3706 reperiantur,
1919 3635 1951 3691 et
1961 3630 2095 3691 servatis

1347 3724 1421 3786 alias
1443 3723 1620 3796 servandis,
1644 3722 1841 3801 promoveri,
1860 3729 1892 3785 et
1907 3724 2046 3800 promoti
2063 3724 2095 3786 in

1347 3819 1409 3880 illis
1432 3817 1528 3880 etiam
1543 3817 1576 3878 in
1588 3817 1694 3879 altaris
1718 3817 1898 3878 ministerio
1914 3817 2096 3881 ministrare

1348 3911 1449 3974 libere
1472 3917 1504 3973 et
1525 3910 1611 3973 licite
1644 3911 1763 3989 possint
1792 3915 1823 3972 et
1848 3909 1994 3984 valeant,
2025 3927 2096 3990 apo-

1347 4005 1456 4068 stolica
1487 4005 1685 4078 auctoritate,
1720 4010 1833 4066 tenore
1865 4007 2094 4082 praesentium,

1347 4099 1552 4163 concedimus
1575 4106 1607 4162 et
1626 4097 1836 4175 indulgemus
1858 4115 1892 4162 ac
1913 4099 2094 4164 facultatem

1347 4194 1563 4272 impartimur.

1387 4291 1405 4363 ἓ
1426 4287 1456 4350 3.
1480 4287 1550 4351 Non
1574 4287 1772 4350 obstantibus
1788 4287 1888 4351 lelicis
1903 4289 2095 4352 recordatio·
2133 4317 2271 4372 barogatio
2284 4321 2326 4365 01..
2396 4357 2397 4370 χ

1348 4381 1397 4443 nis
1419 4381 1566 4459 Gregorii
1582 4380 1660 4442 xlll.
1678 4387 1710 4442 et
1723 4380 1871 4460 Gregorii
1886 4382 1966 4445 xlv.
1986 4383 2095 4446 Roma·
2113 4370 2250 4430 superum,

1347 4491 1464 4538 norum
1476 4475 1665 4538 Pontificum
1678 4475 1959 4554 praedecessorum
1972 4485 2096 4540 nostro-

1347 4585 1432 4642 rum,
1456 4569 1590 4646 aliisque
1612 4569 1895 4632 constitutionibus
1918 4577 1950 4633 et
1972 4572 2095 4635 ordina·

1347 4665 1488 4727 tionibus
1510 4665 1700 4743 apostolicis,
1724 4665 1905 4742 ceterisque
1930 4667 2096 4730 contrariis

1348 4761 1615 4838 quibuscumque.

1387 4855 1456 4930 §4-
1468 4852 1625 4916 Volumus
1637 4859 1756 4926 aulem,
1775 4855 1859 4931 quod
1876 4859 2095 4935 praesentium
2144 4885 2325 4940 nlensumpus
2396 4915 2397 4918 ,

1348 4949 1568 5026 transumptis,
1593 4947 1689 5009 etiam
1711 4949 1895 5026 impressis,
1925 4967 2020 5013 manu
2042 4953 2096 5016 ali·
2114 4939 2200 4984 cauea
2216 4940 2284 4982 ’Μῦθ-

1348 5043 1436 5106 cuius
1459 5042 1574 5104 notarii
1593 5041 1712 5121 publici
1726 5043 1924 5122 subscriptis,
1943 5053 1975 5108 et
1989 5047 2096 5125 sigillo

1348 5139 1481 5202 alicuius
1496 5153 1652 5216 personae
1667 5137 1699 5198 in
1715 5138 1870 5214 dignitate
1885 5139 2096 5204 ecclesiastica

1348 5231 1540 5294 constitutae
1561 5230 1705 5303 munitis,
1730 5231 1840 5292 eadem
1863 5246 1995 5309 prorsus
2018 5233 2097 5295 sides

1348 5324 1546 5396 adhibeatur,
1568 5339 1649 5401 quae
1665 5324 1787 5386 eisdem
1810 5325 2031 5402 praesentibus
2046 5327 2097 5388 ad·

1350 5418 1528 5490 biberetur,
1542 5418 1568 5479 si
1581 5418 1688 5479 iurent
1699 5417 1860 5480 exhibitae
1872 5418 1925 5481 vel
1939 5423 2095 5492 ostensae,

1390 5511 1503 5572 Datum
1536 5511 1654 5574 llomac
1676 5511 1758 5589 apud
1791 5510 1823 5574 S.
1856 5511 1983 5574 Mariam
2006 5512 2098 5574 llaio-

1349 5623 1436 5678 rem,
1461 5606 1521 5668 sub
1545 5604 1664 5667 annulo
1686 5605 1811 5678 Piscat,
1835 5606 1886 5668 die
1912 5622 1988 5668 xxx.
2018 5605 2098 5668 iunii

1348 5717 1505 5772 nbcxxv„
1529 5699 1731 5778 pontificatus
1754 5701 1855 5762 nostri
1876 5717 1960 5762 auno
1981 5717 2016 5761 n.
