4814 6992
358 573 408 628 Art.
423 573 451 628 C.
467 572 535 628 totto
593 571 630 633 '10

1093 589 1158 634 ltili.
1183 589 1274 634 ΡΟΝΤ.
1299 587 1339 634 ΒΕ
1361 588 1390 634 Ρ.
1416 589 1444 634 Γ.
1469 589 1554 636 PARS
1575 589 1596 634 l.

2164 570 2217 628 An.
2232 573 2261 630 C.
2274 575 2341 632 ilidii

572 714 605 769 et
626 707 846 770 definitionem
870 723 967 786 super
990 708 1157 785 praedictis
1179 707 1322 784 quinque
1379 713 1600 786 terpretentur
1625 708 1751 788 publice
1771 709 1821 770 vel
1840 695 2000 787 privatim,
2026 709 2127 787 palam

572 801 844 878 propositionibus
866 800 991 874 iactam,
1015 801 1191 880 approbare
1209 801 1321 863 ullate-

571 911 632 956 nus
654 894 729 956 alias
752 895 930 972 opiniones,
955 911 1035 972 quae
1058 896 1266 958 continentur
1287 895 1319 958 in

571 987 731 1065 praedicto
753 989 836 1050 libro
858 989 1000 1051 Cornelii
1022 989 1169 1051 lansenii.

377 1088 458 1131 nulia
475 1088 550 1150 ,dete
609 1081 628 1158 §
649 1082 678 1143 3.
702 1081 782 1145 (lum
800 1089 918 1154 autem,
936 1083 1017 1146 sicut
1032 1083 1222 1161 accepimus,
1240 1099 1319 1144 non·

335 1151 394 1195 ⁰⁰¹⁶
412 1146 548 1186 ⁸¹¹⁸⁰¹²³¹³²'
569 1175 649 1237 nulli
683 1176 859 1252 iniquitatis
885 1177 939 1240 lilii
968 1177 1142 1254 praedictas
1174 1177 1318 1253 quinque

569 1270 804 1348 propositiones
821 1269 872 1332 vel
893 1272 924 1332 in
944 1271 1027 1332 libro
1045 1269 1091 1348 (l)
1111 1269 1270 1348 praedicto
1287 1286 1317 1332 e-

568 1364 693 1426 iusdem
711 1363 852 1426 Cornelii
868 1365 1003 1427 lansenii
1017 1381 1081 1427 non
1097 1364 1245 1442 reperiri,
1262 1365 1316 1426 sed

568 1457 640 1519 ilcte
662 1465 694 1519 et
716 1474 774 1536 pro
796 1459 928 1520 arbitrio
951 1459 1142 1538 compositas
1164 1475 1246 1530 esse,
1264 1459 1316 1520 vel

567 1550 599 1611 in
622 1567 717 1613 sensu
740 1553 778 1614 ab
797 1554 910 1614 eodem
929 1553 1053 1614 intento
1075 1553 1236 1614 damnatas
1251 1569 1316 1614 non

567 1642 664 1706 luisse
679 1659 824 1706 asserere
840 1661 956 1723 magno
969 1661 1042 1708 cum
1058 1645 1314 1708 christifidelium

566 1737 712 1798 scandalo
736 1753 799 1800 non
822 1737 1048 1800 reiormident:

373 1837 548 1880 rte-omme·
607 1829 681 1900 Nos,
711 1830 765 1907 qui
788 1831 894 1892 omnia
916 1847 997 1908 quae
1019 1833 1050 1894 in
1073 1848 1109 1894 re
1132 1841 1218 1910 gesta
1240 1842 1316 1896 sunt

333 1889 547 1936 xanderdamnat
659 1924 664 1934 .
1138 1925 1143 1937 .

332 1943 548 2001 praearuaspro-
566 1923 762 1986 sufficienter
792 1931 823 1986 et
850 1931 970 1986 attente
999 1941 1235 2004 perspeximus,
1266 1936 1315 1989 ut·

332 1996 477 2095 ξὲξῖζῖξΜξῗ,
507 1998 547 2097 ,ll
566 2025 641 2094 pote
669 2017 723 2094 qui
753 2019 896 2080 eiusdem
925 2019 1102 2082 innocentii
1132 2021 1315 2098 praedeces·

332 2104 546 2201 {lippermgftnseuro
565 2112 645 2174 soris
667 2113 860 2184 lussovium
877 2115 979 2177 adbuc
994 2115 1026 2176 in
1043 2117 1222 2178 minoribus
1242 2134 1314 2179 con-

564 2207 667 2268 stituti
700 2207 875 2270 Cardinalis
912 2223 1049 2270 munere
1081 2208 1312 2286 iungeremur,

565 2301 714 2362 omnibus
742 2301 805 2364 illis
833 2303 1059 2378 congressibus
1089 2303 1311 2378 interfuimus,

563 2395 596 2456 in
632 2396 747 2472 quibus
782 2396 951 2474 apostolica
984 2397 1172 2460 auctoritate
1201 2399 1312 2460 eadem

563 2504 654 2549 causa
670 2489 809 2551 discussa
826 2497 874 2552 est
889 2489 945 2570 (2),
965 2508 999 2552 ea
1019 2491 1162 2568 prolecto
1178 2491 1313 2570 diligen-

564 2581 614 2654 tia,
626 2597 686 2658 qua
700 2583 801 2644 maior
813 2579 988 2646 desiderari
1001 2599 1065 2646 non
1078 2592 1192 2662 posset,
1203 2600 1312 2662 quam-

561 2691 701 2752 cumque
736 2677 969 2740 dubitationem
1000 2693 1099 2756 super
1131 2679 1311 2756 praemissis

560 2769 593 2829 in
616 2776 780 2847 posterum
804 2771 933 2832 auterre
955 2771 1113 2844 volentes,
1141 2778 1177 2834 ut
1198 2789 1311 2834 omnes

560 2863 785 2925 christifideles
802 2864 833 2925 in
856 2863 1001 2926 eiusdem
1019 2864 1092 2926 lidei
1108 2866 1230 2928 unitate
1241 2882 1310 2928 sese

560 2957 754 3027 contineant,
779 2973 818 3018 ex
836 2957 944 3019 debito
960 2958 1061 3019 nostri
1079 2959 1243 3036 pastoralis
1265 2959 1310 3021 oi-

561 3049 633 3119 llcii‚
658 3067 691 3111 ac
713 3059 836 3112 matura
859 3050 1101 3124 deliberatione,
1132 3053 1309 3130 praeinser-

560 3150 623 3204 tam
646 3143 823 3205 innocentii
840 3143 1095 3222 praedecessoris
1118 3147 1220 3208 nostri
1236 3163 1308 3208 con-

559 3236 772 3309 stitutionem,
783 3237 1030 3300 declarationem
1045 3239 1307 3302 etdeiinitionem

559 3329 672 3392 barum
695 3332 779 3392 serie
802 3332 1049 3404 confirmamus,
1074 3334 1305 3410 approbamuS,

559 3423 760 3494 innovamus,
778 3431 811 3486 et
826 3425 970 3501 quinque
985 3423 1055 3486 illas
1071 3426 1307 3504 propositiones

558 3533 597 3578 ex
620 3517 702 3579 libro
724 3518 972 3595 praememorati
1000 3517 1141 3582 Cornelii
1170 3519 1306 3583 lansenii

557 3609 703 3690 Episcopi
732 3611 881 3690 lprensis,
916 3613 966 3674 oui
993 3613 1105 3674 titulus
1128 3621 1177 3676 est
1199 3616 1307 3695 Aepu-

555 3706 671 3775 stious,
695 3712 872 3784 excerptas,
896 3723 930 3768 ac
951 3705 984 3767 iu
1006 3723 1103 3770 sensu
1129 3709 1167 3769 ab
1191 3710 1304 3772 eodem

556 3797 707 3860 Cornelio
730 3799 875 3863 lansenio
891 3800 1016 3862 intento
1031 3801 1192 3864 damnatas
1208 3802 1305 3866 luisse

556 3893 754 3955 declaramus
770 3900 802 3955 et
816 3893 999 3966 delinimus,
1018 3911 1051 3955 ac
1067 3894 1113 3955 uti
1128 3895 1218 3964 tales,
1235 3896 1305 3957 inu-

555 3994 600 4048 sta
612 3985 657 4066 (3)
669 3987 790 4050 scilieet
801 3987 909 4049 eadem
927 3987 1063 4066 singulis
1080 3995 1164 4062 nota,
1178 4005 1259 4067 quae
1271 3991 1304 4052 in

555 4081 712 4158 praedicta
734 4081 947 4144 declaratione
969 4089 1002 4144 et
1023 4083 1209 4146 delinitione
1235 4086 1304 4146 uni-

554 4176 671 4252 cuique
682 4175 810 4238 illarum
824 4175 1011 4252 singillatim
1021 4177 1172 4250 inuritur,
1184 4179 1302 4241 iterum

555 4267 753 4340 damnamus,
777 4285 811 4330 ac
826 4269 978 4330 eumdem
993 4268 1111 4331 librum
1133 4271 1303 4348 saepedicti

553 4360 694 4423 Cornelii
716 4361 863 4429 lansenii,
887 4362 937 4424 cui
961 4361 1073 4424 titulus
1089 4363 1301 4443 triportinus,

554 4469 731 4531 omnesque
752 4455 829 4516 alios
865 4462 928 4516 tam
945 4456 1189 4534 manuscriptos,
1207 4472 1302 4533 quam

555 4548 637 4626 typis
660 4548 773 4618 editos,
797 4555 828 4610 et
849 4549 874 4609 si
897 4563 977 4625 quos
1003 4548 1110 4610 lorsan
1136 4550 1169 4612 in
1199 4558 1302 4629 poste-

554 4659 627 4702 rum
650 4641 700 4704 edi
723 4641 911 4718 contigerit,
939 4642 972 4703 in
1002 4642 1117 4718 quibus
1145 4645 1302 4721 praedicta

553 4737 698 4798 eiusdem
730 4736 871 4798 Cornelii
907 4735 1043 4798 lansenii
1075 4737 1236 4810 doctrina,
1266 4746 1303 4799 ut

553 4845 648 4908 supra
670 4831 833 4902 damnata,
864 4829 1065 4901 defenditur,
1094 4829 1145 4891 vel
1167 4831 1302 4893 adstrui-

555 4931 617 4994 tur,
635 4931 689 4986 aut
703 4923 896 4986 detondetur
911 4931 943 4985 et
957 4923 1153 4995 adstr'uetur,
1175 4925 1301 4986 damna-

335 5034 437 5080 uauoar
449 5033 537 5078 oisel-
554 5033 626 5078 mus
638 5018 761 5090 itidem,
776 5025 871 5095 atque
884 5017 1104 5094 probibemus.
1120 5018 1301 5082 Mandantes

319 5089 535 5186 {lssss'ssaffissillllnfw‘
553 5113 703 5174 omnibus
735 5111 1007 5182 christifidelibus,
1039 5129 1079 5173 ne
1108 5113 1300 5190 praedictam

1378 801 1430 862 vel
1454 801 1577 864 occulte
1592 802 1788 880 imprimant,
1806 801 1865 865 sub
1881 803 1992 882 poenis
2008 809 2040 866 et
2054 819 2126 865 cen-

1376 895 1460 956 suris
1492 903 1601 957 eontra
1631 896 1807 958 haereticos
1830 897 1863 958 in
1896 897 1967 959 iure
1998 912 2126 974 expres-

1374 988 1427 1060 sis,
1461 989 1531 1066 ipso
1560 989 1641 1052 lacto
1669 989 1788 1067 absque
1821 990 1879 1052 alia
1912 990 2126 1053 declaratione

1374 1082 1589 1144 incurrendis.
1609 1113 1612 1118 ·

1415 1175 1483 1250 §ln
1509 1175 1723 1252 Praecipimus
1739 1178 1839 1254 igitur
1861 1178 2012 1240 omnibus
2027 1195 2124 1241 vene·
2157 1195 2355 1256 conti-mamel-

1374 1269 1528 1332 rabilibus
1544 1269 1695 1332 iratribus
1711 1271 1828 1333 nostris
1845 1271 2042 1345 Patriarcbis,
2062 1273 2124 1336 Pri·
2145 1249 2183 1290 ‘⁰⁵
2199 1255 2283 1303 Μή

1374 1361 1529 1433 metibus,
1559 1363 1826 1442 Metropolitanis,
1853 1365 2122 1446 ,lrclriepiscopis

1373 1454 1536 1534 Episcopis
1565 1456 1745 1534 ceterisque
1767 1457 1913 1520 locorum
1935 1458 2121 1532 Ordinariis,

1372 1563 1406 1609 ao
1429 1548 1605 1611 baereticae
1629 1551 1791 1627 pravitatis
1813 1551 2069 1628 inquisitoribus,
2090 1571 2123 1615 ac

1372 1641 1529 1704 iudicibus
1552 1642 1783 1716 ecclesiasticis,
1807 1647 1843 1708 ad
1866 1660 1946 1722 quos
1969 1647 2121 1723 pertinet,

1373 1743 1408 1798 ut
1430 1736 1659 1813 praeinsertam
1676 1738 1820 1800 eiusdem
1839 1738 2018 1802 innocentii
2034 1755 2121 1817 prae·

1372 1829 1549 1891 decessoris
1571 1830 1845 1904 constitutionem,
1874 1832 2121 1896 declarationem

1371 1940 1405 1986 ac
1438 1923 1682 1996 definitionem,
1715 1925 1802 1986 iuxta
1835 1933 2038 2004 praesentem
2066 1944 2121 1990 no·

1371 2023 1470 2080 stram
1493 2017 1808 2090 determinationem,
1832 2019 1870 2082 ab
1896 2021 2045 2082 omnibus
2068 2023 2121 2084 ob-

1370 2111 1492 2172 servari
1509 2110 1632 2182 iaciant,
1646 2127 1680 2174 ac
1695 2111 1918 2176 inobedientes
1934 2121 1966 2175 et
1981 2115 2120 2178 rebelles
2141 2168 2145 2177 .

1372 2204 1538 2282 praedictis
1560 2206 1670 2283 poenis
1686 2205 1820 2284 aliisque
1836 2207 1914 2267 iuris
1936 2215 1968 2269 et
1983 2207 2054 2270 iacti
2072 2225 2120 2270 re-

1371 2298 1496 2366 mediis,
1510 2299 1657 2361 invocato
1669 2300 1776 2371 etiam,
1790 2300 1815 2361 si
1832 2317 1912 2379 opus
1928 2301 2036 2374 luerit,
2051 2304 2119 2366 bra-

1370 2391 1431 2452 chii
1453 2392 1605 2454 secularis
1628 2393 1762 2464 auxilio,
1788 2394 1920 2456 omnino
1938 2405 2117 2458 coerceant.

1409 2482 1522 2546 Datum
1551 2485 1680 2558 Romae,
1705 2486 1786 2564 apud
1814 2485 1845 2550 S.
1870 2487 1998 2550 Mariam
2026 2489 2118 2552 llaio-
2182 2501 2188 2510 ’

1369 2593 1449 2651 rem,
1467 2596 1515 2640 an.
1531 2579 1759 2642 incarnationis
1775 2581 1957 2645 [lominicae
1973 2599 2116 2656 uoccvr„

1369 2687 1446 2734 xvn.
1464 2673 1615 2735 kalendas
1632 2673 1831 2748 novembris,
1849 2677 2049 2754 pontificatus
2062 2694 2117 2740 no-

1367 2765 1425 2828 stri
1447 2783 1530 2828 anno
1552 2784 1587 2828 rr.

1624 2930 1862 2938 --..——.-—...-

1717 3053 1769 3114 xl.

1366 3235 1420 3297 Er.
1444 3235 1609 3317 losaptcm
1642 3239 1715 3302 αδ.
1747 3239 1870 3310 llario,
1902 3240 2114 3320 Hierapolita-

1404 3345 1482 3390 oum
1496 3329 1697 3411 Episcopum,
1711 3333 1827 3395 iterum
1843 3334 1884 3396 od
1899 3335 2114 3413 componenda

1402 3421 1585 3487 dimidiato
1599 3426 1829 3505 doporoolcosi
1843 3428 1976 3490 dioecesi
1988 3435 2112 3498 coorto,

1403 3519 1613 3583 commendat.

1532 3703 1768 3772 ttfilttrtttfitl
1793 3707 1854 3773 ΡΡ.
1880 3707 1939 3774 llll.

1500 3839 1536 3905 ad
1558 3839 1688 3906 loturam
1719 3844 1761 3908 rei
1789 3845 1968 3910 memoriam.

1633 3987 1749 4055 dilecte
1777 3989 1835 4068 lili,

1409 4079 1539 4146 salutem
1561 4087 1593 4146 et
1615 4088 1715 4165 apost.
1741 4083 2060 4170 dereliquerunt).

1399 4269 1573 4332 ilemeante
1595 4271 1631 4334 ad
1654 4273 1729 4334 istas
1757 4281 1862 4352 partes
1888 4290 1963 4337 ven.
1994 4276 2034 4338 ir.
2063 4276 2109 4338 lo·

1359 4363 1459 4441 sepbo
1481 4381 1497 4426 a
1520 4363 1551 4426 S.
1576 4366 1670 4427 illaria
1695 4367 1752 4446 (5),
1781 4367 1937 4448 Episcopo
1959 4370 2109 4449 Hierapo-

1358 4457 1467 4532 litano,
1482 4461 1740 4538 praetermittere
1753 4462 1927 4536 noluimus,
1942 4465 2019 4541 quin
2033 4481 2108 4542 gau-

1358 4551 1446 4612 dium
1463 4557 1610 4614 nostrum
1626 4554 1717 4616 vobis
1733 4563 1938 4628 testaremur,
1956 4573 2021 4635 quo
2036 4574 2106 4636 per-

1358 4643 1419 4706 lusi
1442 4645 1562 4707 luimus
1583 4646 1616 4708 in
1638 4646 1766 4710 Christo
1788 4649 1870 4723 lesu,
1886 4652 2106 4729 intelligentes

1357 4753 1452 4815 quam
1467 4739 1568 4801 alacri
1591 4740 1662 4802 zelo
1683 4749 1715 4802 et
1736 4743 1901 4820 diligentia
1917 4745 2106 4809 christianos

1358 4833 1539 4910 provinciae
1554 4833 1672 4897 Terrae
1687 4835 1903 4910 Malabarium,
1920 4839 2106 4902 detestando

1356 4926 1479 4988 scelere
1501 4926 1642 4989 Thomae
1657 4929 1696 4989 de
1710 4928 1829 5006 Campo
1849 4929 2019 5009 dispersos,
2044 4934 2106 4996 col-

1356 5019 1470 5096 ligere,
1494 5027 1530 5082 ut
1550 5021 1587 5082 ab
1610 5021 1755 5084 eiusdem
1778 5023 1929 5098 Tbomae,
1963 5026 2017 5102 qui
2040 5029 2105 5105 epi-

1356 5113 1514 5190 scopalem
1543 5113 1723 5187 bonorem,
1761 5132 1825 5178 non
1850 5125 1981 5181 vocatus
2003 5137 2018 5180 a
2040 5120 2106 5182 lieo

553 5205 728 5268 doctrinam
760 5211 904 5278 teneant,
940 5205 1140 5283 praedicent,
1168 5207 1301 5268 doceant
1327 5206 1330 5247 ¹
1356 5213 1517 5286 tamquam
1533 5207 1649 5280 Aaron,
1667 5210 1722 5272 sed
1745 5211 1885 5288 superbo
1901 5212 1961 5274 sibi
1977 5221 2105 5275 tumore

552 5299 664 5371 verbo,
694 5299 746 5362 vel
769 5299 948 5378 inscriptis
980 5307 1151 5377 exponant,
1181 5301 1232 5362 vel
1255 5301 1300 5362 in-

1355 5301 1578 5364 damnabiliter
1594 5305 1766 5380 arrogavit,
1784 5306 1994 5369 veneratione
2015 5323 2104 5369 aver-

1060 5469 1591 5480 ——-.—-.-—-——..——.—-..—....-.--

592 5585 621 5638 tl)
638 5583 705 5627 Male
720 5583 781 5628 edit.
799 5581 876 5628 Maio.
892 5583 957 5636 legit
973 5587 1060 5628 libero

592 5653 621 5704 (t)
638 5652 704 5694 illule
719 5655 750 5694 nt
765 5656 828 5706 pluo
843 5651 906 5696 edit.
922 5653 998 5696 Mein.
1016 5651 1073 5696 heic
1088 5652 1140 5696 duo
1156 5656 1252 5708 punctu
1264 5652 1300 5696 in·

551 5716 673 5773 terponil.

591 5785 620 5838 (il)
637 5785 750 5830 iussitire
774 5785 836 5830 edit.
859 5786 934 5831 bloio.
957 5785 1018 5840 repit
1046 5791 1147 5830 intucta
1171 5797 1217 5841 pro
1239 5791 1297 5830 tirri-

549 5855 599 5894 stc.

592 5921 621 5972 ll)
639 5917 708 5971 vide,
724 5923 839 5962 Seromlu
854 5923 1009 5970 vprvttatooc
1027 5923 1073 5963 all·
1084 5923 1160 5962 liiidie
1174 5923 1299 5964 orientali

550 5987 577 6027 rli
593 5989 752 6036 prorumpitur·
767 5988 920 6032 secuntum,
937 5989 970 6035 [ι’.
985 5990 1115 6039 (tircrrppr
1128 5989 1155 6029 rii
1165 5991 1188 6030 S.
1201 5990 1295 6036 illaria,

1353 5588 1414 5628 rlcll'
1425 5587 1523 5629 divitur
1537 5589 1578 5629 (lr'
1587 5589 1762 5630 Cdrivrelittrmt
1776 5589 1869 5634 Scalst,
1885 5591 1978 5638 prtum
1997 5590 2104 5630 l'escoro

1353 5656 1381 5696 ‹tt
1397 5655 1540 5704 llb’iupolt,
1558 5657 1615 5705 ete,
1631 5652 1741 5696 venecia
1755 5665 1929 5708 srrtcr,xxxrrr.,
1945 5665 2001 5709 pag.
2017 5657 2050 5696 ιζ).

1394 5721 1423 5770 (dl
1440 5719 1502 5762 l'ide
1519 5719 1660 5764 Eustochio
1677 5719 1702 5762 di
1722 5723 1745 5762 S.
1763 5720 1854 5772 llario,
1873 5725 1970 5764 lstoiv'u
1986 5723 2055 5764 (teitu
2071 5725 2104 5763 rt·

1354 5790 1388 5828 ta.
1407 5791 1487 5832 rirtvr.
1506 5791 1570 5829 clareti
1584 5799 1598 5828 (¹
1618 5791 1678 5836 salit
1700 5791 1800 5831 illustri
1815 5791 1856 5832 dcl
1871 5801 1929 5830 urit.
1945 5793 2105 5840 nrotrslpncr·

1352 5857 1387 5904 rr.
1399 5857 1530 5905 titiuerppr
1543 5857 1570 5914 tlt
1580 5857 1604 5896 S.
1615 5857 1711 5902 Μανία,
1725 5857 1808 5900 Roma
1819 5866 1953 5906 trucemve
1969 5859 1995 5899 et
2006 5855 2102 5899 Urboin

1354 5919 1435 5974 (terri,
1452 5911 1508 5964 litut
1523 5920 1631 5972 pre'srirt
1646 5925 1677 5966 (le
1692 5925 1797 5974 t’upttre
1807 5925 1944 5968 [torreatur.
1957 5925 2020 5967 derit
2030 5935 2104 5975 perir

1354 5991 1456 6039 lbrsapc
1470 5992 1507 6030 clu
1521 5991 1592 6040 l’upr
1603 5992 1694 6032 litator.
1707 5991 1760 6038 XI..
1778 5989 1944 6033 Arrrsterdnm
1959 6001 2103 6034 mrrcrxxvr.
