4814 6998
534 573 593 636 sot

555 704 807 768 hrchidioecesis
851 704 1099 769 llohilowiensis
1141 705 1266 783 anrple-

515 807 605 864 ctens
631 816 744 863 omnes
776 801 903 879 imperii
936 807 1053 879 partes,
1089 815 1169 876 quae
1201 813 1265 862 non

501 896 722 985 'continentur
744 893 777 955 in
799 909 855 956 sen
878 893 1079 956 dioecesibus
1102 892 1184 954 intra
1210 905 1289 954 no-·

518 988 659 1050 minatis:
686 1003 822 1064 magnus
844 986 1004 1050 Eilandiae
1026 987 1158 1048 ducatus
1182 985 1212 1046 in
1230 1002 1265 1046 ea

517 1083 634 1158 pariter
657 1082 862 1156 continetur;

556 1175 715 1237 Dioecesis
731 1173 903 1236 Wilncnsis
918 1173 1136 1252 complectens
1149 1171 1266 1248 guber-

516 1267 564 1328 nia
587 1268 710 1330 Wilnae
733 1274 765 1330 et
785 1267 904 1329 crodni
934 1283 1007 1328 cum
1038 1267 1074 1326 iis
1097 1266 1264 1340 limitibus,

516 1361 632 1438 quibus
655 1361 687 1423 in
712 1377 861 1440 praesens
883 1360 1211 1434 circumscribuntur,

555 1455 714 1518 Dioecesis
736 1454 908 1526 celsensis,
929 1469 987 1516 seu
1010 1451 1263 1530 Samogitiensis,

516 1550 733 1628 complectens
746 1549 902 1625 gubernia
912 1546 1102 1610 Gurlandiae
1113 1555 1145 1608 et
1156 1547 1266 1610 chni

517 1647 599 1708 intra
621 1644 751 1715 limites,
769 1643 884 1721 quibus
908 1657 994 1704 nunc
1012 1641 1264 1719 praefiniuntur3

557 1738 717 1801 llioecesis
747 1737 930 1800 ldinscensis
961 1735 1178 1813 complectens
1210 1753 1266 1812 gu-

519 1831 666 1894 bernium
694 1832 827 1894 11111111
848 1847 921 1892 cum
944 1829 1010 1890 suis
1043 1828 1207 1891 hodiernis
1230 1830 1265 1890 li-

520 1926 670 2003 milibu83

559 2020 717 2082 llioecesis
751 2019 928 2082 Luceorina
955 2025 988 2080 et
1016 2016 1266 2096 Zytomeriensis

518 2123 663 2177 constans
694 2112 859 2192 guberniis
891 2111 1019 2174 Kieriae
1048 2117 1080 2174 et
1109 2110 1265 2182 Voliniae,

518 2225 591 2270 cunr
614 2210 680 2272 suis
702 2208 868 2270 hodiernis
890 2205 1063 2282 limitibus3

560 2299 970 2365 Dioecesiscamenecensis
982 2299 1199 2378 complectens
1211 2315 1267 2376 gu-

519 2397 666 2458 bernium
690 2394 848 2467 Podoliae,
865 2410 938 2454 curn
960 2395 1026 2455 suis
1048 2394 1267 2472 praesentibus

518 2491 652 2566 finibus3

559 2584 646 2646 Nova
668 2584 822 2646 dioecesis
837 2581 1080 2654 chersonensis,
1098 2575 1180 2658 quae
1194 2597 1267 2644 con-

435 2711 437 2716 ,
518 2674 1267 2754 statprorinciaBessarabiae,guberniischer-

519 2771 659 2846 senensi,
678 2769 941 2842 Ehaterinoslatr,
967 2769 1122 2842 Tauridis,
1143 2768 1266 2834 Sarato·

519 2865 588 2926 viae
611 2873 642 2926 et
665 2866 837 2935 hstracani,
872 2871 904 2926 et
936 2863 1124 2941 regionibus
1157 2864 1267 2941 positis

521 2959 553 3020 in
577 2957 719 3036 generali
743 2959 903 3036 gubernio
924 2957 1063 3020 Caucasi.

559 3053 628 3127 52.
659 3050 858 3130 hpostolicae
890 3051 1016 3114 litterae
1048 3051 1108 3112 sub
1135 3051 1268 3128 plumbo

519 3153 659 3208 statuent
681 3145 924 3224 amplitudinem
949 3152 981 3206 et
1004 3145 1123 3208 limites
1144 3145 1267 3208 dioece-

518 3241 599 3302 sium
625 3239 726 3302 veluti
750 3240 782 3301 in
805 3239 1010 3318 praecedenti
1033 3239 1168 3302 articulo
1188 3239 1268 3302 indi-

517 3341 641 3396 cantur.

560 3429 691 3490 Decreta
713 3429 912 3491 executionis
934 3427 1190 3506 complectentur
1212 3444 1268 3488 nu-

519 3539 646 3586 merum
665 3529 696 3584 et
711 3523 963 3585 nominationem
981 3523 1198 3601 paroeciarum
1216 3538 1268 3584 cu-

519 3618 633 3695 iusque
662 3618 827 3688 dioecesis,
856 3633 891 3677 ac
921 3615 1052 3678 Sanctae
1081 3613 1172 3677 Sedis
1199 3632 1266 3699 san-

517 3711 615 3774 ctioni
637 3711 859 3774 subiicientur.

558 3805 577 3879 5
592 3804 621 3867 3.
636 3803 799 3866 Numerus
809 3804 1116 3880 sumaganeatunn,
1131 3803 1185 3880 qui
1197 3820 1269 3882 apc-

518 3900 636 3962 stolicis
652 3899 767 3963 litteris
783 3897 827 3960 Pii
843 3896 883 3961 th
899 3914 949 3960 au.
970 3895 1047 3958 1788
1061 3897 1120 3960 sub
1136 3896 1268 3974 plumbo

519 3993 599 4054 datis
619 3993 728 4056 statuti
752 3999 838 4064 sunt,
861 3991 894 4053 in
917 4007 973 4053 ser
996 3991 1162 4054 veteribus
1185 3991 1269 4052 dioe-

520 4086 645 4149 cesibus
667 4093 826 4148 servatur.

558 4181 577 4254 5
599 4179 628 4242 1.
645 4179 679 4241 11
695 4179 776 4242 urbe
793 4177 962 4243 Saratowia
978 4179 1040 4240 erit
1054 4177 1267 4254 suffraganea-

520 4280 570 4334 tus
592 4273 667 4334 nori
690 4273 888 4350 episcopatus
909 4269 1153 4334 chersonensis.

482 4445 484 4452 ,
560 4367 629 4442 §b
655 4366 829 4445 Episcopus
860 4364 1092 4428 chersonensis
1125 4379 1268 4426 aunuum

521 4460 649 4523 habebit
663 4477 796 4523 censum
812 4468 949 4537 quatuor
965 4459 1102 4520 millium
1120 4457 1269 4535 quadrin-

521 4559 696 4632 gentorum
719 4551 879 4627 octoginta
902 4549 1070 4626 rublorum
1101 4554 1270 4626 argenteo·

520 4666 605 4712 rum.
642 4650 718 4711 Eius
746 4649 966 4726 suhreganeus
998 4650 1108 4710 eadem
1142 4648 1269 4709 iruetur

521 4745 607 4817 dote,
632 4760 692 4822 qua
714 4732 767 4806 alii
788 4743 936 4822 Episcopi
953 4743 1146 4820 suffraganei
1161 4743 1194 4805 in
1210 4744 1270 4805 lm-

521 4837 610 4917 perio
639 4837 817 4918 potiuntur,
844 4837 966 4901 scilicet
994 4836 1133 4900 bismille
1164 4836 1270 4899 rublo-

520 4947 593 4994 rum
616 4938 857 5008 argenteorum.

562 5029 580 5102 ἓ
601 5025 630 5088 8.
654 5025 837 5105 capitulum
859 5027 1048 5090 cathedralis
1071 5027 1147 5090 eccl.
1172 5027 1270 5088 cher-

521 5121 668 5184 sonensis
686 5136 802 5184 novem
819 5119 975 5183 constabit
990 5120 1209 5183 ecclesiasticis
1225 5123 1271 5181 vi-

522 5216 577 5288 ris,
601 5231 731 5294 nempe:
764 5213 798 5294 1)
828 5215 952 5277 duobus
982 5213 1183 5291 praesulibus
1213 5229 1270 5276 seu

522 5310 739 5386 dignitatibus,
764 5309 946 5386 Praeposito
968 5317 1000 5371 et
1021 5308 1269 5383 Archidiacon03

522 5399 553 5482 b)
574 5409 711 5480 quatuor
732 5401 902 5474 canonicis,
926 5417 1064 5479 quorum
1088 5409 1153 5464 tres
1184 5401 1272 5463 theo-

522 5495 600 5574 logi,
624 5495 861 5574 poenitentiarii
883 5503 915 5557 et
937 5496 1064 5573 parochi
1082 5495 1273 5556 muneribus

523 5589 716 5666 iungentum
740 5595 773 5651 et
793 5588 822 5668 c)
845 5590 945 5650 tribus
972 5588 1192 5650 mansionariis
1216 5605 1272 5651 ¹seu

522 5683 744 5745 beneficiariis.

563 5775 631 5852 57.
656 5776 689 5838 lu
722 5791 806 5839 novo
838 5775 1055 5840 chersonensi
1086 5777 1273 5855 Episcopatu

527 5869 589 5932 erit
610 5870 836 5934 dioecesanum
858 5871 1086 5933 seminarium:
1111 5869 1154 5932 ibi
1182 5870 1276 5947 quin-

528 5963 630 6026 decim
660 5979 764 6042 usque
792 5965 829 6027 ad
863 5965 1123 6042 vigintiquinque
1154 5963 1275 6027 alumni

1040 587 1232 634 TEAGTATUS
1253 587 1310 636 SEU
1332 589 1544 636 CONCORDATA

1323 706 1449 768 alentur
1471 705 1623 768 cubernii
1646 707 1830 784 impendiis,
1847 707 1948 770 veluti
1968 709 2022 786 gui
2038 709 2071 770 iu

1323 798 1392 861 aliis
1413 799 1592 860 seminariis
1616 800 1770 876 pensione
1793 799 1958 862 fruuntur.

1363 895 1381 968 ξ
1410 893 1439 953 8.
1474 893 1580 955 Donec
1611 894 1785 970 Episcopus
1818 894 1993 958 catholicus
2024 913 2072 958 ar·

1324 987 1410 1048 meni
1427 987 1506 1048 ritus
1525 987 1755 1058 nominabitur,
1773 987 1992 1064 spiritualibus
2015 991 2072 1050 hr-

1324 1081 1507 1142 meniorum
1543 1079 1773 1143 catholicorum
1803 1083 1835 1143 in
1872 1083 2072 1146 dioecesibus

1324 1173 1512 1252 praesertim
1534 1173 1752 1235 chersonensi
1781 1182 1812 1237 et
1842 1175 2071 1238 Camenecensi

1322 1267 1510 1342 degentium
1533 1267 1777 1330 necessitatibus
1800 1269 2006 1340 consuletur,
2036 1271 2072 1331 iis

1321 1363 1456 1440 aptando
1483 1363 1611 1439 regulas
1641 1379 1708 1441 cap.
1732 1363 1761 1426 9.
1786 1364 1919 1428 concilii
1949 1365 2073 1428 Latera-

1322 1457 1430 1518 nensis
1452 1473 1502 1518 an.
1527 1457 1615 1518 11111.

1362 1551 1380 1626 ἓ
1401 1549 1431 1612 9.
1456 1550 1602 1628 Episcopi
1623 1550 1868 1615 camenecensis
1891 1559 1924 1615 et
1938 1551 2074 1615 cherso-

1323 1644 1430 1704 nensis
1452 1651 1592 1706 statuent
1614 1660 1787 1707 numerum
1808 1646 1998 1709 clericorum
2016 1649 2073 1708 hr-

1325 1739 1507 1802 meniorum
1539 1739 1781 1812 catholicorum,
1806 1740 1859 1818 qui
1894 1741 1925 1802 in
1958 1755 2070 1802 eorum
2176 1737 2180 1746 '

1324 1832 1503 1894 seminariis
1525 1831 1679 1894 cubernii
1698 1833 1868 1910 impendiis
1887 1833 1927 1896 ali
1942 1833 2071 1896 debent.

1323 1925 1357 1988 ln
1381 1941 1578 2002 unoquoque
1601 1941 1640 1990 ex
1665 1927 1755 1990 dictis
1777 1929 1957 1990 seminariis
1972 1929 2075 1990 aderit

1326 2019 1496 2098 presbyter
1529 2020 1702 2083 Armenius
1731 2021 1921 2095 catholicus,
1944 2029 1980 2085 ut
2008 2022 2073 2084 alu-

1325 2129 1417 2176 mnos
1440 2113 1610 2176 Armenios
1633 2115 1753 2194 proprii
1769 2115 1849 2177 ritus
1865 2117 2075 2180 caeremoniis

1323 2208 1458 2271 erudiat.

1364 2303 1382 2378 ἓ
1408 2303 1454 2364 10.
1478 2301 1607 2376 Quoties
1634 2303 1815 2382 spirituales
1843 2305 2072 2371 catholicorum

1325 2411 1535 2458 romanorum
1558 2403 1590 2458 et
1612 2397 1832 2458 armeniorum
1855 2399 1929 2460 novi
1954 2403 2074 2476 episco-

1325 2497 1414 2569 patus
1426 2489 1660 2552 chersonensis
1677 2491 1880 2554 necessitates
1896 2493 2075 2570 postulave-

1324 2586 1398 2656 rint,
1422 2583 1597 2662 Episcopus
1620 2591 1745 2661 praeter
1767 2587 1877 2648 modos
1895 2587 1957 2647 huc
1971 2604 2074 2664 usque

1324 2679 1499 2749 adhibitos,
1523 2686 1559 2740 ut
1590 2678 1775 2742 huiusmodi
1805 2689 1991 2743 occurratur
2021 2699 2075 2744 ne·

1323 2772 1535 2842 cessitatibus,
1560 2772 1599 2834 ob
1622 2772 1702 2834 hanc
1724 2789 1848 2834 causam
1874 2774 2074 2852 presbytero-

1325 2881 1398 2928 rum
1421 2866 1681 2944 expeditionibus
1703 2881 1760 2928 seu
1783 2866 1988 2929 missionibus
2008 2877 2075 2931 ute-

1326 2967 1388 3026 tur.
1413 2967 1445 3021 et
1467 2961 1634 3038 imperiale
1657 2960 1853 3037 gubernium
1880 2977 1949 3022 earn
1982 2978 2075 3042 pecu-

1325 3053 1395 3114 niae
1416 3053 1483 3114 vim
1505 3053 1729 3131 suppeditabit,
1754 3070 1835 3131 quae
1866 3054 1995 3118 illorum
2027 3058 2075 3121 iti·

1324 3147 1394 3207 neri
1417 3153 1450 3208 et
1471 3146 1568 3208 victui
1592 3147 1690 3208 luerit
1711 3149 1897 3212 necessaria.

1366 3241 1384 3315 ς
1411 3241 1456 3300 ll.
1475 3239 1678 3302 Dioecesinm
1701 3256 1857 3302 numerus
1879 3241 1911 3304 iu
1927 3241 2075 3305 Poloniae

1326 3349 1428 3411 regno
1456 3340 1605 3395 servatur
1634 3335 1907 3412 quemadmodum
1930 3337 2076 3414 praelini-

1326 3433 1375 3488 tus
1398 3426 1458 3489 luit
1481 3428 1513 3488 in
1536 3427 1715 3506 apostolicis
1739 3428 1853 3490 litteris
1870 3429 1914 3492 Pii
1931 3429 1995 3502 vlt,
2013 3430 2075 3492 diei

1324 3521 1363 3582 30
1385 3522 1463 3584 iunii
1479 3523 1553 3584 anni
1572 3521 1659 3584 1818.
1683 3522 1769 3585 Nihil
1785 3523 1975 3587 immutatur
1990 3525 2073 3600 quod

1324 3617 1360 3678 ad
1385 3633 1559 3679 numerum
1581 3625 1615 3680 et
1637 3617 1932 3678 denominationem
1965 3618 2076 3679 111111-

1326 3719 1520 3788 ganeatunm
1543 3712 1657 3772 harum
1685 3711 1879 3774 dioecesium
1903 3711 2054 3790 pertinet.

1364 3805 1382 3879 ἓ
1408 3805 1454 3866 lc.
1473 3804 1657 3882 Designatio
1671 3804 1904 3882 Episcoporum
1923 3821 1979 3883 pro
1991 3805 2075 3866 dioe-

1325 3899 1449 3960 cesibus
1474 3905 1506 3959 et
1535 3913 1593 3976 prc
1627 3897 1915 3974 suhrnganeatibus
1948 3897 2076 3976 imperii
2119 3951 2123 3958 .

1327 3989 1512 4054 Russiarum
1535 4001 1567 4054 et
1581 3992 1731 4055 Poloniae
1746 3993 1840 4070 regni
1857 4007 1914 4070 per
1934 3991 2076 4068 singulas

1325 4085 1412 4147 vices
1436 4085 1541 4148 locum
1567 4086 1705 4158 habebit,
1729 4086 1869 4148 consiliis
1895 4093 1968 4146 ante
1992 4084 2076 4148 habi·

1326 4178 1365 4239 tis
1388 4179 1472 4241 inter
1494 4181 1724 4259 imperatorem
1754 4187 1786 4241 et
1809 4178 1840 4242 S.
1866 4178 1993 4242 Sedem.
2027 4179 2077 4242 lu·

1325 4271 1449 4335 stitutio
1471 4275 1619 4336 canonica
1640 4275 1716 4352 ipsis
1732 4291 1748 4335 a
1763 4274 1905 4337 Romano
1923 4274 2076 4336 Pontidce

1326 4365 1453 4427 dabitur
1475 4367 1561 4429 iuxta
1583 4377 1775 4440 consuetum
1797 4383 1934 4430 morem.

1366 4461 1384 4534 ἓ
1409 4461 1456 4523 13.
1481 4461 1654 4540 Episcopus
1676 4470 1725 4524 est
1746 4461 1834 4524 solus
1856 4461 1952 4523 iudex
1976 4471 2008 4524 et
2025 4461 2077 4522 ad-

1327 4553 1525 4617 ministrator
1548 4557 1755 4632 negotiorum
1786 4554 2076 4617 ecclesiasticorum

1326 4667 1401 4712 suae
1428 4650 1593 4722 dioecesis,
1617 4649 1702 4710 salva
1735 4657 1842 4711 tamen
1877 4648 2076 4712 subiectione

1326 4745 1474 4806 canonica
1496 4741 1626 4805 Sanctae
1651 4741 1846 4820 hpostolicae
1869 4739 1943 4806 Sedi
1959 4742 2074 4806 debita.

1366 4839 1384 4912 5
1414 4837 1461 4898 lt.
1490 4836 1622 4914 Negotia
1652 4853 1732 4914 quae
1761 4845 1852 4899 antea
1880 4836 1993 4899 subiici
2024 4837 2077 4899 de-

1328 4931 1405 4994 bent
1433 4929 1717 4994 deliberationibus
1745 4931 1927 4992 consistorii
1955 4931 2078 4993 dioece-

1327 5026 1405 5096 sani,
1430 5032 1521 5088 sunt:

1419 5211 1462 5273 lle
1484 5211 1563 5274 ciria
1584 5211 1805 5274 ecclesiasticis
1827 5211 1986 5275 dioecesis.

1369 5401 1502 5478 Negotia
1524 5403 1559 5462 ad
1583 5399 1782 5478 disciplinam
1804 5401 1984 5477 generatim
2007 5417 2078 5480 per-

1330 5495 1464 5556 tinentia
1478 5493 1528 5573 (ea
1540 5503 1647 5557 tamen
1665 5493 1799 5555 minoris
1816 5496 1983 5567 momenti,
1998 5510 2078 5572 quae

1330 5588 1419 5650 leves
1442 5603 1551 5650 secum
1576 5587 1700 5649 trahant
1722 5603 1851 5666 poenas,
1869 5587 2077 5650 destitutione

1330 5681 1382 5744 vel
1406 5681 1594 5744 detentione
1617 5680 1688 5758 plus
1712 5681 1818 5742 minus
1840 5681 1990 5743 diuturna
2021 5681 2079 5742 mi·

1331 5791 1439 5850 nores,
1463 5777 1500 5838 ab
1522 5776 1678 5853 Episcopo
1708 5775 1940 5848 decernuntur,
1971 5775 2079 5837 incon·

1331 5871 1418 5933 sulto
1442 5870 1642 5940 consistorio,
1667 5869 1760 5948 plena
1789 5869 1895 5930 eidem
1924 5868 2079 5948 Episcopo

1333 5965 1442 6028 relicta
1474 5963 1622 6026 libertate
1652 5962 1850 6033 consulendi,
1874 5964 1899 6024 si
1930 5971 2079 6041 opportu-
