4814 6998
561 563 621 625 316

544 698 628 760 10011
648 698 798 760 abusivae
820 697 1027 760 alienationes
1050 711 1227 774 numquam
1243 713 1292 759 re-

543 798 717 854 noventur.

581 881 670 959 520.
694 883 765 946 Non
788 885 985 962 impedietur
1007 884 1182 962 quominus
1205 883 1293 946 insti·

543 983 674 1039 tuantur
704 977 897 1039 monasteria
924 977 1095 1054 utriusque
1120 993 1216 1038 sexus
1242 993 1294 1038 cu-

543 1071 733 1147 iuscumque
763 1071 884 1132 ordinis
913 1079 945 1133 et
973 1071 1111 1132 instituti
1141 1088 1155 1130 a
1183 1070 1294 1132 Sancta

543 1163 625 1228 Sede
640 1165 816 1244 approbati.
833 1165 919 1239 Quae
942 1173 1050 1228 autern
1073 1166 1110 1228 ad
1126 1165 1294 1242 regulares

543 1259 717 1337 pertinent,
749 1260 835 1322 iuxta
865 1260 1089 1321 canonicarum
1122 1260 1232 1336 legum
1264 1266 1295 1320 et

542 1353 698 1430 cuiusque
722 1353 844 1415 ordinis
860 1352 1128 1414 constitutionum
1145 1368 1292 1414 normam

543 1453 640 1507 erunt
661 1446 827 1522 dirigenda
850 1453 881 1507 et
902 1445 1162 1508 administranda.

582 1538 670 1616 §il
695 1538 895 1602 Gubernium
925 1540 1129 1618 Reipublicae
1158 1541 1293 1604 Gestari-

543 1631 646 1694 censis
679 1640 859 1710 opportuna
892 1633 1058 1710 praebebit
1085 1635 1224 1696 subsidia
1257 1636 1293 1696 ad

545 1727 616 1788 tidei
646 1727 907 1806 propagationem
942 1735 973 1790 et
998 1729 1036 1789 ad
1058 1729 1238 1790 infidelium
1262 1729 1294 1790 ixx

542 1835 600 1881 suo
625 1821 790 1883 territorio
812 1822 1022 1885 existentium
1044 1823 1294 1885 conversionem

545 1915 787 1991 procurandam,
806 1923 838 1976 et
860 1931 990 1977 omnem
1014 1916 1187 1994 praestabit
1209 1915 1294 1978 lavo-

543 2023 612 2068 rem
639 2007 832 2070 institutioni
863 2015 895 2070 et
920 2011 1107 2087 progressui
1133 2025 1294 2071 sacrarum

545 2101 746 2173 missionum,
770 2116 851 2179 quae
874 2104 909 2164 ad
935 2103 1020 2165 bunc
1046 2103 1237 2166 laudabilem
1261 2103 1297 2164 11-

544 2210 617 2256 11010
648 2194 725 2256 11101
753 2197 940 2258 auctoritate
970 2196 1082 2258 Sacrae
1111 2195 1296 2273 Congrege-

544 2287 637 2348 tionis
661 2288 892 2368 Propopoodoc
913 2290 1004 2352 Fidei
1028 2290 1212 2354 mittuntur.

584 2383 674 2456 512.
698 2382 827 2444 Praevia
860 2383 1072 2445 declaratione
1094 2401 1109 2444 a
1132 2383 1295 2446 Gubernio

545 2491 712 2552 persuum
730 2474 1048 2554 Plenipotentiarium
1066 2479 1192 2550 emissa,
1210 2477 1295 2554 quod

544 2569 665 2632 scilicet
680 2570 834 2632 Gubernii
851 2573 949 2648 ipsius
969 2587 1058 2632 mens
1076 2579 1123 2633 est
1141 2589 1198 2650 per
1213 2573 1296 2632 iura-

545 2671 692 2726 mentum
715 2663 854 2727 lormula
881 2664 1081 2744 inlrascripta
1104 2682 1294 2743 expressum

546 2757 628 2819 11101
652 2757 786 2835 obligari
809 2757 841 2818 in
864 2759 1057 2822 conscientia
1080 2775 1150 2830 eos,
1174 2761 1228 2836 qui
1252 2759 1296 2820 iu-

545 2859 728 2914 ramentum
758 2851 836 2913 illud
868 2860 1032 2930 praestent
1063 2854 1099 2916 ad
1133 2853 1295 2931 quidpiam

546 2945 778 3022 peragendum,
796 2947 880 3023 quod
904 2947 959 3008 1101
982 2953 1014 3008 01
1036 2947 1195 3010 Ecclesiae
1218 2947 1297 3024 legi·

546 3036 605 3099 bus
627 3039 828 3112 adversetur,
854 3038 1007 3104 Sanctitas
1032 3039 1093 3103 Sua
1123 3043 1297 3104 assentitur

546 3147 685 3208 sequens
714 3131 933 3195 iuramentum
962 3133 1000 3195 ab
1023 3134 1186 3214 Episcopis
1214 3143 1297 3197 cete-

546 3225 656 3302 risque
678 3225 898 3288 ecclesiasticis
914 3227 991 3288 viris
1013 3228 1166 3306 praestari
1186 3245 1293 3307 posse:

546 3319 647 3395 «Ego
680 3318 752 3380 iuro
785 3325 817 3382 et
848 3321 1002 3398 promitto
1035 3323 1072 3383 ad
1103 3329 1209 3384 sancta
1241 3323 1296 3386 Dei

546 3431 563 3471 1
578 3412 745 3489 evangelia
762 3414 976 3477 obedientiam
990 3421 1021 3475 et
1037 3414 1222 3476 lldelitatem
1235 3415 1296 3477 Gu-

546 3507 692 3570 1101010
721 3523 779 3587 per
804 3508 1067 3571 constitutionem
1094 3509 1296 3588 Reipublicae

546 3600 806 3664 ‹Gestaricensis
829 3609 958 3674 statuto,
976 3603 1121 3681 itemque
1144 3605 1297 3681 promitto

547 3710 632 3756 «me
656 3695 736 3756 nulli
758 3695 969 3773 propositioni
985 3697 1053 3758 sive
1070 3712 1205 3774 persona
1228 3699 1297 3760 sive

547 3787 713 3850 «consilio
735 3787 934 3860 adiuturum,
953 3805 1034 3866 quae
1057 3791 1194 3852 nationis
1209 3791 1297 3853 inde·

546 3882 772 3959 «pendentiae
803 3883 856 3945 vel
893 3883 1115 3961 tranquillitati
1152 3885 1296 3962 publicae

546 3983 735 4038 «noceat».
1269 3993 1274 4008 ·

586 4069 676 4144 §RS
707 4071 781 4134 Post
813 4071 919 4134 divina
952 4071 1052 4134 otllcia
1084 4071 1116 4133 in
1146 4072 1296 4134 omnibus

546 4161 774 4226 Costaricensis
787 4164 984 4242 reipublicae
998 4165 1126 4242 templis
1139 4165 1183 4226 sic
1196 4163 1297 4240 orabi-

549 4264 616 4319 tur:
639 4257 818 4330 «nomine,
836 4259 955 4320 salvam
977 4258 1023 4320 lac
1038 4258 1293 4337 Rempublioam:

548 4350 727 4424 «bomine,
752 4351 876 4413 salvum
899 4351 946 4414 lac
972 4351 1153 4414 Praesidem
1182 4352 1251 4412 eius
1266 4369 1295 4412 ».

1061 575 1251 624 TRRGTA'RUS
1273 578 1330 624 SEU
1352 577 1570 624 uouuoubxrx

1387 695 1477 772 §bix
1501 697 1654 760 Sanctitas
1677 699 1739 760 Sua
1761 699 1964 778 Reipublicae
1992 699 2098 764 Costa-

1348 791 1479 852 ricensis
1509 792 1703 855 exercitibus
1726 793 1950 870 exemptiones
1974 800 2006 854 et
2029 809 2096 870 gra·

1350 882 1406 944 tias
1428 883 1583 955 concedit,
1607 899 1688 960 quae
1710 884 1769 946 sub
1799 885 1942 962 generali
1969 886 2096 964 privile-

1348 976 1477 1052 giorum
1502 975 1721 1039 Castrensium
1745 979 1876 1040 nomine
1899 995 2097 1057 cognoscun-

1349 1075 1418 1130 tur:
1444 1075 1539 1147 atque
1563 1071 1672 1131 0111010
1697 1069 1849 1134 Sanctitas
1872 1069 1935 1134 Sua
1956 1072 2098 1149 singulas

1349 1163 1417 1224 sive
1439 1164 1554 1239 gratias
1578 1164 1645 1226 sive
1669 1165 1904 1242 exemptiones,
1938 1181 2016 1242 quas
2039 1167 2100 1228 erit

1350 1256 1515 1332 largitura,
1533 1257 1760 1320 determinabit
1775 1273 1832 1336 per
1847 1257 2033 1335 apostolicas
2051 1258 2100 1320 lit·

1349 1356 1449 1421 teras,
1485 1365 1565 1427 quae
1597 1351 1811 1429 expedientur
1843 1367 1916 1412 cum
1949 1367 2099 1429 praesens

1349 1443 1521 1504 conventio
1543 1441 1768 1520 publicabitur.

1389 1535 1478 1612 §RS
1502 1535 1634 1613 Reliqua
1657 1538 1762 1599 onmia
1778 1539 1813 1600 ad
1838 1553 1889 1600 res
1912 1555 1969 1600 seu
1990 1554 2101 1616 perso-

1350 1647 1404 1692 nas
1427 1631 1653 1692 ecclesiasticas
1667 1633 1850 1709 spectantia,
1875 1633 1914 1694 de
1936 1633 2052 1710 quibus
2068 1633 2100 1694 in

1351 1725 1437 1786 bisce
1465 1724 1606 1786 articulis
1640 1725 1727 1788 nulla
1761 1727 1864 1788 babita
1894 1727 2014 1789 mentio
2040 1734 2099 1797 est,

1350 1824 1446 1879 erunt
1468 1818 1600 1879 omnino
1616 1818 1782 1894 dirigenda
1798 1825 1831 1881 et
1849 1820 2098 1882 administranda

1348 1913 1436 1973 iuxta
1452 1912 1617 1988 vigentem
1634 1912 1793 1976 Ecclesiae
1808 1912 2000 1986 Gatbollcao,
2020 1912 2102 1992 Apo-

1350 2005 1490 2078 stolicae,
1515 2006 1674 2067 Romanae
1696 2005 1906 2083 disciplinam.

1389 2097 1482 2174 526.
1517 2099 1577 2159 Per
1609 2106 1812 2176 praesentem
1846 2100 2099 2162 conventionem

1349 2192 1449 2269 leges,
1475 2193 1709 2265 ordinationes,
1731 2193 1857 2256 decreta
1873 2193 1905 2255 in
1929 2195 2101 2272 Republica

1349 2286 1559 2348 Gestaricensi
1576 2302 1781 2363 quocumque
1797 2289 1938 2349 modoet
1952 2295 2098 2366 tempore

1351 2380 1518 2456 bucusque
1548 2379 1618 2452 lata,
1647 2381 1679 2441 in
1708 2390 1863 2457 quantum
1894 2382 2102 2444 conventioni

1350 2473 1453 2535 eidem
1471 2474 1692 2548 adversantur,
1710 2475 1859 2552 abrogata
1881 2476 2102 2538 0100100100-

1351 2575 1474 2639 sentur,
1491 2575 1586 2644 atque
1609 2569 2026 2631 0111010100100110101011
2047 2570 2102 2632 lex

1351 2667 1448 2721 status
1471 2661 1503 2722 in
1526 2661 1672 2724 futurum
1696 2677 1792 2724 omne
1814 2669 1941 2741 tempus
1964 2663 2102 2726 valitura

1352 2754 1532 2817 habebitur.

1391 2848 1479 2925 527.
1504 2848 1736 2911 RatiRcationes
1760 2850 1935 2928 praesentis
1961 2866 2102 2936 conven-

1352 2941 1445 3004 tionis
1469 2949 1582 3004 mutuo
1605 2943 1772 3005 tradentur
1793 2943 1911 3006 Romae
1935 2945 2046 3007 decem
2071 2951 2103 3006 et

1352 3043 1422 3120 octo
1445 3036 1606 3098 mensium
1629 3037 1746 3114 spatio,
1772 3043 1826 3099 aut
1847 3037 1951 3109 citius,
1975 3039 2000 3098 si
2031 3039 2102 3100 lieri

1351 3131 1480 3207 poterit.

1390 3224 1409 3298 ἓ
1430 3222 1478 3286 28.
1505 3221 1617 3286 Statim
1633 3239 1667 3286 ao
1679 3223 1857 3302 praedictae
1873 3225 2100 3288 ratificationes

1352 3323 1466 3380 mutuo
1488 3318 1619 3380 traditae
1639 3317 1770 3390 luerint,
1789 3317 1942 3380 Sanctitas
1959 3318 2022 3381 Sua
2044 3335 2103 3396 per

1351 3410 1536 3488 apostolicas
1552 3410 1674 3473 litteras
1691 3417 1894 3489 praesentem
1914 3411 2104 3476 conventio-

1352 3519 1425 3565 nem
1449 3505 1661 3567 confirmabit.

1391 3598 1580 3676 inquorum
1598 3599 1693 3662 tidem
1710 3599 1840 3677 praelati
1857 3599 2104 3680 Plenipotentia-

1352 3693 1391 3752 rii
1415 3693 1573 3770 praesenti
1596 3693 1803 3755 conventioni
1829 3695 2102 3773 subscripserunt,

1352 3785 1505 3863 illamque
1527 3803 1585 3848 suo
1611 3787 1748 3864 quisque
1773 3787 1880 3864 sigillo
1909 3788 2101 3866 obsignavit.

1393 3880 1506 3942 rictum
1528 3880 1657 3953 Rornae,
1681 3881 1731 3942 die
1754 3897 1798 3942 vn
1821 3891 1881 3945 oct.
1906 3898 2070 3944 nooocnu.

1412 4039 1495 4102 Loco
1511 4045 1547 4115 ff«
1565 4039 1680 4117 Sigilli.

1499 4199 1636 4263 lxconus
1657 4201 1750 4266 Gard.
1775 4203 1955 4265 Rurouunnr

1598 4350 1824 4413 Fordinaodua
1845 4351 2048 4416 burencourt.

676 4809 846 4872 Gonooutio
868 4809 953 4872 ictor
976 4809 1070 4872 Pium
1092 4809 1135 4872 lli
1156 4816 1184 4870 ct
1206 4809 1338 4872 Petrum
1363 4809 1507 4891 Vropom
1533 4809 1753 4890 Portupaltioc
1773 4809 1819 4890 (l)
1837 4845 1851 4854 -
1875 4813 1977 4874 1857.

568 5013 601 5073 10
624 5027 721 5074 nome
744 5012 826 5075 della
849 5011 940 5074 SS.e
962 5013 1124 5075 individua
1145 5013 1276 5075 Triniti.

589 5197 651 5260 Sua
670 5197 790 5262 Santiti
812 5201 833 5262 il
857 5201 989 5261 Summo
1007 5199 1157 5262 Pontitice
1174 5201 1228 5262 Pio
1244 5200 1295 5272 lll,

548 5307 641 5354 esua
664 5293 779 5354 Maesti
806 5291 998 5354 ledelissima
1027 5293 1049 5353 il
1072 5293 1116 5355 Re
1139 5293 1207 5355 lton
1230 5294 1298 5354 Pie-

548 5393 598 5448 tro
619 5384 747 5459 Quinto,
770 5386 894 5448 avendo
910 5387 1044 5449 risoluto
1067 5386 1134 5449 lare
1156 5403 1200 5448 un
1224 5394 1297 5450 trat-

550 5486 624 5552 tato,
645 5479 698 5541 nel
721 5480 815 5556 quale
836 5479 862 5540 si
884 5481 1085 5542 stabiliscano
1108 5481 1151 5557 gli
1174 5481 1296 5542 articoli

550 5573 580 5634 di
601 5573 770 5634 concordia
792 5588 849 5650 per
871 5574 899 5635 la
921 5574 1166 5636 continuacione
1189 5573 1297 5638 dell'e-

1374 5014 1433 5074 Em
1450 5029 1546 5074 nome
1562 5014 1598 5075 da
1615 5012 1670 5074 SS.
1689 5029 1706 5073 e
1722 5013 1886 5076 individua
1902 5013 2082 5076 Trinidade.

1394 5197 1455 5262 Sua
1470 5200 1638 5262 Santidade
1652 5216 1669 5260 o
1682 5197 1977 5260 SummoPontiRce
1987 5199 2102 5274 Piolll,

1353 5311 1447 5356 esua
1475 5293 1654 5370 llagestade
1683 5291 1869 5354 fidelissima
1891 5292 1919 5354 el
1947 5293 2002 5354 Rei
2024 5293 2103 5354 Rom

1352 5389 1454 5450 Pedro
1476 5386 1611 5461 Quinto,
1637 5387 1733 5448 tendo
1756 5385 1917 5448 resolvido
1940 5386 2103 5449 lazorum

1353 5482 1492 5552 tratado,
1517 5497 1558 5542 no
1580 5479 1654 5557 qual
1677 5497 1711 5541 se
1736 5481 1944 5558 estabeleqam
1969 5497 2004 5542 os
2029 5482 2102 5542 arti-

1352 5591 1408 5651 gos
1421 5575 1460 5636 de
1471 5574 1638 5637 concordia
1650 5589 1723 5652 para
1733 5575 1940 5652 continuaque
1955 5573 1995 5634 de
2012 5589 2103 5636 exer-

546 5665 685 5728 serciuio
706 5666 757 5728 dei
779 5667 879 5729 diritti
902 5667 932 5728 di
955 5673 1122 5744 patronatu
1143 5668 1225 5730 della
1248 5687 1297 5730 co·
1351 5668 1429 5730 ciclo
1452 5669 1508 5729 dos
1531 5667 1662 5728 direitos
1691 5667 1732 5728 do
1754 5666 1912 5744 padroado
1941 5666 1979 5727 11
2008 5673 2101 5728 corda

588 5909 669 5966 (1111
692 5909 801 5954 huiusce
824 5909 1005 5956 conventionis
1027 5909 1228 5966 explicationem
1253 5909 1309 5952 vide
1331 5907 1442 5952 inferius
1467 5907 1653 5952 concordatum
1677 5917 1724 5962 pro
1745 5905 1826 5950 indiis
1852 5905 2033 5952 orientalibus
2060 5906 2104 5950 ini-

548 5980 606 6020 tum
621 5987 690 6022 anno
709 5978 767 6020 litto.
