4756 6994
321 574 372 630 Au.
387 575 415 630 C.
430 575 497 630 tlte
554 575 593 637 94

534 709 651 772 siarum
678 717 779 772 mater
800 717 849 772 est
876 727 909 771 ιι
943 709 1103 785 magistra,
1134 713 1222 768 recte
1253 722 1287 768 ac

534 802 706 864 salubriter
718 805 897 881 disponant.
912 803 1007 882 Spem
1023 803 1152 864 interim
1165 802 1197 863 in
1210 801 1285 871 Deo,

534 898 587 972 qui
611 905 660 958 est
682 896 752 958 lons
774 907 806 959 et
838 899 929 974 origo
962 897 1083 964 salutis,
1115 895 1286 974 repositam

536 990 701 1060 babemus,
725 993 809 1068 quod
832 992 886 1052 ubi
910 1000 955 1062 tn,
991 990 1096 1051 divina
1129 991 1287 1068 aspirante

536 1087 646 1158 gratia,
670 1085 767 1144 verba
796 1084 879 1146 vitae
908 1091 949 1145 ιι·
969 1099 1076 1144 sanam
1110 1081 1286 1143 doctrinam

535 1175 629 1236 docili
655 1185 761 1236 mente
784 1178 961 1255 exceperis,
985 1193 1049 1236 non
1072 1190 1168 1250 aegre
1190 1173 1288 1250 possis

537 1267 668 1344 reliquis
681 1277 735 1329 tuo
746 1271 895 1350 exemplo
906 1287 939 1331 ιι
951 1271 1138 1330 ιιιιιιιιιιι
1152 1267 1285 1346 praeire,

538 1369 572 1421 ut
601 1370 704 1423 tecum
729 1363 764 1424 ad
793 1363 900 1424 sinum
923 1363 1159 1424 amantissimae
1182 1361 1288 1421 Matris

536 1455 733 1532 rorrlugiant,
753 1473 921 1534 unumque
937 1457 1050 1526 licum,
1069 1473 1165 1518 unam
1181 1454 1287 1516 Eccle-

536 1549 626 1618 siam,
650 1566 750 1611 unum
776 1552 929 1629 baptisma
951 1552 1046 1612 corde
1069 1567 1102 1612 ac
1119 1566 1197 1612 voce
1213 1565 1289 1610 una·

538 1643 615 1704 nimi
640 1645 861 1722 proliteantur.

578 1737 678 1799 Enixa
702 1739 807 1816 itaque
829 1759 844 1800 ι
867 1739 1066 1801 fraternitate
1091 1745 1141 1800 tua
1168 1735 1288 1814 expeti-

539 1845 619 1900 mus,
644 1837 679 1892 ιι
703 1831 856 1909 praelatos
881 1831 1048 1908 religiosos
1065 1832 1150 1891 viros
1168 1828 1288 1890 missio·

539 1924 642 1984 narios
659 1926 841 1986 Ιιιιιιιιιιι·
852 1926 1000 2002 excipias,
1016 1925 1154 1986 libenter
1168 1923 1286 1990 audias,

539 2018 650 2094 eisque
673 2017 777 2080 laveas
799 2021 830 2080 in
847 2019 1007 2088 ornrribus,
1026 2035 1106 2095 quae
1119 2034 1175 2095 pro
1191 2017 1288 2076 adim·

541 2111 656 2188 plendo
678 2112 850 2188 apostolico
879 2112 1058 2174 ministerio
1088 2111 1162 2188 ipsis
1194 2127 1289 2186 expe-

538 2205 607 2265 dire
636 2212 669 2266 et
690 2215 868 2284 opportuna
891 2223 961 2267 esse
990 2205 1194 2281 cognoveris.
1226 2202 1289 2263 Nos

540 2299 668 2360 interim
699 2299 821 2360 Patrem
853 2299 1144 2360 misericordiarum
1176 2298 1289 2359 sedulo

540 2393 660 2469 {trecari
685 2409 748 2452 non
764 2394 960 2463 desinemus,
979 2403 1014 2453 ut
1030 2400 1173 2454 mentem
1190 2399 1287 2462 tuam,

538 2501 676 2564 superna
689 2485 760 2547 luce
773 2485 1046 2563 perlusam,donis
1058 2485 1290 2547 coelestissuae

540 2579 659 2654 gratiae
681 2578 835 2648 cumulet,
859 2579 974 2655 quibus
998 2580 1047 2639 via
1064 2578 1118 2639 tibi
1135 2577 1290 2656 pandatur

540 2671 575 2732 ad
599 2679 761 2730 aeternam
778 2671 925 2732 salntem.

580 2765 692 2826 llatrrm
717 2765 833 2826 Romae
875 2767 955 2843 apud
989 2765 1019 2827 S.
1046 2765 1173 2826 Mariam
1198 2765 1290 2826 llaio-

542 2873 621 2928 rem,
638 2859 698 2919 sub
717 2860 836 2920 annulo
852 2859 1028 2930 Piscatoris,
1047 2861 1096 2920 die
1115 2876 1165 2920 xv.
1185 2858 1290 2919 martii

542 2967 701 3023 uoccxu„
727 2953 926 3029 pontificatus
952 2955 1051 3013 nostri
1075 2969 1158 3014 ιιιιιο
1182 2969 1237 3014 xu.

880 3331 959 3394 XlV.

746 3517 827 3580 idem
853 3525 1090 3598 argumentum.

557 3703 676 3770 Dilecto
698 3703 762 3770 lilio
784 3705 884 3770 abbati
908 3704 1043 3788 generali
1067 3703 1278 3770 nonachorum

624 3797 793 3880 aethiopum
817 3797 934 3863 Ordinis
959 3795 1211 3872 Sanctidnlonii,

745 3981 932 4050 ctfittfirls
956 3983 1017 4049 PP.
1043 3983 1090 4048 ΧΙ.

822 4171 939 4240 Dileote
962 4173 1015 4252 lili,

588 4267 717 4334 salutern
740 4273 771 4332 el
794 4267 891 4332 lumen
914 4265 1028 4332 diuinae
1052 4265 1168 4350 gratiae
1191 4267 1203 4346 (
1226 4267 1247 4345 ).

585 4457 792 4534 Praecipuum
802 4455 980 4533 pontiliciae
992 4455 1294 4517 sollicitudinismu·

546 4566 605 4612 nus
628 4567 698 4610 esse
720 4549 939 4626 intelligentes
962 4549 1006 4611 nil
1030 4549 1221 4611 intentatum
1245 4565 1294 4610 re·

546 4644 704 4720 linquere,
728 4645 813 4720 quod
837 4645 872 4705 ad
896 4644 1073 4704 animarum
1098 4643 1234 4704 salutem
1251 4643 1295 4704 di-

546 4738 676 4814 vinique
691 4737 796 4799 cultus
809 4737 1087 4815 amplificationem
1103 4751 1295 4814 promoven·

545 4833 615 4895 dam
640 4833 803 4910 pertinere
825 4834 934 4908 possit,
959 4831 1167 4907 cogitationes
1193 4846 1296 4892 curas-

546 4945 609 5006 que
632 4935 756 4988 nostras
779 4942 817 4987 ιι
839 4927 964 4986 assidue
991 4925 1172 5000 dirigimus,
1189 4931 1225 4984 ut
1240 4923 1295 4985 Ει-

546 5021 660 5084 clesiae
683 5021 820 5088 rirream,
845 5035 938 5096 quam
963 5021 1002 5080 de
1032 5035 1127 5080 manu
1157 5018 1294 5089 llomini,

547 5115 644 5178 nullis
668 5114 739 5175 licet
760 5113 1008 5190 suffragantibus
1025 5112 1148 5174 meritis
1166 5115 1294 5188 nostris

547 5208 788 5272 custodiendam
811 5207 1024 5284 suscepimus,
1052 5221 1113 5268 non
1136 5208 1242 5269 solum
1266 5225 1297 5269 o-

548 5303 673 5364 mnium
709 5317 858 5362 errorum
890 5301 1041 5378 vepribus
1074 5309 1295 5378 expurgatam,

547 5397 602 5458 sed
619 5395 779 5458 ulterioris
795 5396 888 5456 etiam
907 5394 1030 5456 lrnctus
1047 5397 1228 5458 maturitate
1250 5411 1297 5458 re-

548 5491 756 5560 dundantem,
775 5489 879 5551 eidem
898 5489 1031 5550 Dourino
1047 5505 1225 5560 servemus
1244 5489 1298 5567 qui

549 5585 649 5646 bonos
672 5583 835 5662 operarios
859 5599 916 5660 pro
938 5591 1103 5660 apportato
1133 5583 1222 5645 lucro
1251 5601 1299 5646 re-

549 5687 708 5750 munerat,
732 5699 747 5738 a
770 5677 854 5738 bono
875 5683 981 5737 autem
1011 5693 1107 5754 opere
1135 5685 1299 5754 torpentes

549 5775 686 5836 damnat.

1058 591 1123 634 lun.
1147 590 1238 635 PONT.
1264 591 1304 634 bu
1326 591 1355 634 P.
1380 590 1409 634 F.
1434 590 1518 634 PARS
1540 591 1561 634 Ι.

1383 707 1451 781 §l
1484 706 1563 768 lluic
1592 707 1698 784 itaque
1729 708 1892 785 proposito
1923 708 1999 770 dum
2030 713 2092 768 tota

1343 799 1438 860 animi
1462 800 1669 861 contentione
1691 800 1919 873 incumbimus,
1944 807 2093 878 paternae

1344 900 1470 956 nostrae
1496 894 1627 966 caritati,
1651 909 1733 970 quae
1757 909 1821 956 non
1837 896 1932 956 unius
1947 895 2093 972 Europae

1344 987 1459 1048 sinibus
1482 987 1628 1050 concludi
1651 1005 1685 1050 se
1714 989 1800 1060 sinit,
1831 991 1886 1051 sed
1915 989 1951 1050 ad
1982 1005 2093 1052 omnes

1343 1081 1438 1142 etiam
1472 1083 1701 1143 remotissimas
1734 1083 1885 1158 regiones
1915 1083 2028 1144 sedulo
2059 1100 2093 1144 se

1344 1175 1507 1246 extendit,
1538 1182 1573 1236 tu
1604 1183 1699 1252 atque
1732 1177 1822 1238 istius
1854 1177 2009 1248 instituti,
2043 1178 2092 1240 cui

1345 1284 1466 1344 praees,
1484 1269 1694 1346 professores,
1713 1287 1776 1332 non
1793 1271 1898 1332 ultimi
1915 1271 2092 1343 occurritis,

1343 1377 1359 1420 a
1381 1361 1498 1437 quibus
1521 1362 1642 1424 scilicet
1664 1371 1696 1424 et
1718 1379 1856 1440 quorum
1874 1379 1934 1441 ope
1950 1373 2094 1442 expecta-

1345 1471 1427 1524 mus,
1453 1463 1487 1517 ut
1508 1457 1619 1518 eadem
1643 1459 1735 1518 vinea
1751 1457 1783 1517 in
1800 1457 1867 1518 istis
1888 1458 2030 1536 partibus
2047 1475 2095 1520 re-

1345 1548 1499 1614 llorescat.
1524 1555 1556 1610 et
1577 1548 1717 1612 lructum
1735 1551 1788 1611 det
1810 1551 2004 1628 intempore
2023 1568 2093 1613 suo.

1344 1640 1421 1713 Quid
1446 1642 1531 1702 enim
1556 1641 1646 1704 robis
1680 1643 1823 1720 proderit
1850 1644 1967 1706 saeculi
2001 1646 2095 1706 liuius

1344 1733 1503 1796 illecebris
1525 1750 1618 1797 aures
1646 1735 1826 1808 occlusisse,
1855 1737 1908 1814 qui
1931 1755 1946 1798 a
1977 1739 2095 1800 divina-

1346 1843 1418 1890 rum
1441 1828 1700 1890 iustificationum
1723 1831 1836 1890 semita
1857 1830 2034 1893 aberratis?
2050 1832 2094 1894 ild

1345 1922 1419 1998 quid
1443 1922 1474 1982 in
1497 1923 1625 1984 claustri
1648 1933 1736 2004 septa
1758 1939 1814 1984 vos
1842 1927 2016 2003 recepistis,
2041 1929 2096 2004 qui

1346 2015 1418 2078 lidei
1442 2017 1597 2078 unitatem
1613 2016 1821 2090 declinantes
1840 2019 1923 2080 viam
1940 2021 2094 2097 elegistis,

1344 2112 1435 2172 cuius
1459 2111 1628 2171 norissima
1651 2112 1773 2174 ducunt
1794 2113 1829 2174 ad
1854 2118 2014 2174 mortem‘l
2030 2115 2096 2177 Una

1347 2202 1488 2282 prolecto
1511 2211 1560 2265 est
1580 2212 1729 2266 aeternae
1752 2206 1861 2266 salutis
1882 2207 2005 2276 :emita
2029 2210 2097 2285 ipso

1345 2313 1473 2358 summo
1495 2298 1638 2374 angulari
1663 2297 1765 2374 lapide
1787 2297 1915 2360 Christo
1937 2299 2006 2363 lesu
2031 2319 2097 2380 my·

1345 2391 1423 2451 stice
1445 2391 1578 2466 signata,
1602 2409 1617 2452 a
1640 2407 1700 2466 qua
1723 2392 1747 2450 si
1772 2393 1843 2468 quis
1860 2393 1911 2454 vel
1927 2395 2094 2458 minimum

1346 2484 1524 2556 deflexerit,
1542 2501 1632 2562 spem
1646 2486 1820 2546 vocationis
1833 2502 1919 2557 suae,
1935 2503 2015 2566 quae
2030 2506 2096 2551 cre-

1346 2575 1495 2636 dentibus
1506 2577 1539 2637 in
1551 2577 1672 2638 unitate
1687 2578 1819 2654 spiritus
1831 2579 1900 2642 data
1911 2587 1970 2650 est,
1986 2583 2097 2658 procul

1346 2669 1443 2731 dubio
1465 2671 1629 2744 amiserit,
1652 2671 1742 2732 cuius
1766 2673 1908 2734 veritatis
1931 2677 2011 2736 ratio
2034 2691 2097 2738 ma-

1348 2763 1468 2825 ioribus
1490 2765 1607 2824 vestris
1624 2767 1734 2841 utique
1751 2776 1915 2844 perspecta
1931 2769 2001 2840 luit,
2020 2771 2094 2834 dum

1346 2857 1473 2918 Claristo
1485 2875 1519 2918 ac
1532 2857 1640 2920 eiusin
1660 2859 1715 2920 bac
1730 2857 1869 2922 llemana
1882 2861 1964 2923 Sede
1980 2863 2098 2926 vicario

1347 2950 1460 3012 libenti
1485 2951 1647 3012 animose
1677 2951 1909 3024 submiserunt,
1941 2957 2000 3018 rati
2033 2975 2097 3020 non

1347 3044 1476 3106 aliunde
1492 3059 1588 3106 verae
1604 3043 1676 3106 fidei
1693 3046 1839 3121 regulam
1856 3055 1888 3108 ιι
1907 3049 2098 3112 documenta

1350 3137 1470 3198 lrauriri
1493 3153 1595 3214 posse,
1620 3153 1714 3214 quam
1738 3139 1776 3201 ab
1799 3139 1855 3201 bac
1877 3145 1943 3219 ipsa
1958 3141 2097 3205 llomana

1348 3231 1498 3300 Ecclesia,
1522 3230 1667 3292 omnium
1691 3231 1904 3294 Ecclesiarum
1935 3243 2036 3298 matre
2067 3247 2099 3300 et

1349 3325 1510 3401 magistra.

1388 3417 1458 3494 §2
1483 3417 1620 3480 Proinde
1656 3434 1713 3479 nos
1743 3435 1833 3497 spem
1867 3422 2039 3483 maximam
2066 3425 2099 3486 in

1349 3511 1425 3582 Deo,
1449 3511 1504 3588 qui
1527 3518 1576 3572 est
1596 3511 1657 3583 via,
1682 3512 1800 3574 veritas
1823 3520 1855 3574 ιι
1876 3515 1950 3583 rita,
1983 3518 2099 3581 merito

1348 3604 1593 3674 constituentes,
1609 3621 1644 3666 ac
1655 3605 1695 3666 de
1710 3607 1878 3683 prudentia
1894 3615 1926 3670 et
1941 3609 2100 3674 docilitate

1349 3706 1456 3758 vestra
1479 3697 1656 3774 plurimum
1683 3699 1774 3760 nobis
1798 3701 1997 3778 pollicentes,
2020 3704 2100 3766 istuc

1352 3790 1496 3851 misimus
1519 3791 1692 3854 nonnullos
1714 3793 1884 3870 religiosos
1909 3795 1994 3857 viros
2027 3799 2100 3860 mis·

1349 3885 1514 3956 sronarios,
1540 3885 1664 3962 pietatis
1693 3887 1922 3965 doctrinaeque
1953 3891 2100 3954 laudibus

1348 3995 1383 4039 ac
1404 3978 1571 4055 religionis
1587 3979 1618 4040 in
1636 3981 1745 4058 primis
1760 3982 1831 4044 zelo
1846 3985 2098 4057 commendatos,

1349 4072 1404 4147 qui
1425 4072 1581 4134 sinceram
1611 4083 1706 4150 atque
1733 4074 1953 4138 inconcussam
1986 4079 2100 4140 verita-

1351 4172 1427 4236 tem,
1451 4181 1545 4241 quam
1571 4175 1658 4228 tenet
1678 4183 1712 4228 ac
1727 4168 1820 4229 docet
1835 4170 1945 4231 eadem
1961 4171 2100 4234 Romana

1350 4261 1467 4334 Sedes,
1496 4262 1613 4325 Gliristi
1653 4262 1866 4340 redemptoris
1899 4266 1999 4326 nostri
2033 4282 2101 4328 ora-

1350 4357 1441 4427 culis,
1459 4357 1685 4434 Apostolorum
1704 4357 1937 4430 traditionibus,
1953 4369 2098 4422 veterum

1351 4451 1478 4512 l'atrum
1501 4452 1684 4512 testimonio
1700 4467 1930 4528 sacrorumque
1945 4451 2101 4516 Concilio-

1351 4561 1423 4608 rum
1448 4546 1626 4608 auctoritati
1649 4546 1768 4614 innixa,
1794 4546 1884 4606 vobis
1899 4547 2052 4624 aperiant,
2070 4555 2102 4608 et

1352 4644 1388 4704 ad
1411 4641 1647 4702 amantissimae
1671 4639 1775 4700 llatris
1804 4639 1912 4700 sinum
1935 4655 1992 4700 vos
2023 4641 2102 4701 invi-

1354 4743 1422 4796 tent
1443 4741 1475 4796 et
1497 4741 1661 4794 revocent.
1686 4733 1823 4794 Eosdem
1854 4732 1960 4809 itaque
1981 4733 2102 4794 missio·

1353 4835 1469 4898 uarios,
1483 4837 1518 4890 ut
1533 4828 1642 4906 pronis
1658 4827 1788 4888 auribus
1802 4827 1979 4903 libentique
1995 4828 2102 4889 animo

1352 4925 1463 4987 audire
1484 4923 1576 4990 velis,
1602 4924 1798 4998 magnopere
1819 4928 1881 4982 ate
1899 4921 2049 4999 petimus,
2067 4923 2103 4983 ti-

1355 5021 1450 5097 bique
1473 5035 1527 5080 eos
1550 5017 1645 5078 etiam
1667 5022 1762 5090 atque
1784 5014 1878 5075 etiam
1901 5016 2104 5077 commenda·

1355 5129 1437 5175 mus.

1394 5209 1412 5283 5
1440 5209 1469 5268 τι.
1494 5207 1618 5267 Patrem
1649 5202 1778 5264 interim
1812 5201 2102 5262 misericordiarum

1354 5302 1458 5364 enixis
1480 5298 1628 5378 precibus
1649 5311 1782 5357 exorare
1813 5311 1877 5355 non
1906 5293 2102 5365 desinemus,

1355 5403 1391 5456 ut
1412 5393 1537 5456 emittat
1567 5391 1673 5452 lucem
1701 5405 1802 5459 suam,
1837 5388 2019 5464 tribuatque
2049 5387 2104 5448 tibi

1355 5491 1483 5565 tuisque
1507 5483 1669 5546 monacbis
1698 5482 1846 5560 spiritum
1878 5481 2050 5559 sapientiae
2073 5489 2105 5544 et

1357 5581 1549 5651 intellectus,
1580 5585 1749 5655 quatenus,
1775 5584 1923 5638 veterum
1954 5592 2103 5638 errorum

1357 5675 1487 5754 depulsa
1509 5672 1655 5750 caligine,
1680 5686 1761 5747 quae
1783 5669 1820 5732 ad
1843 5671 2022 5731 animarum
2051 5683 2105 5730 ve-

1357 5779 1497 5832 strarum
1516 5767 1651 5828 salntem
1669 5765 1700 5826 in
1718 5771 1786 5826 tuto
1802 5764 1981 5842 ponendam
1998 5779 2105 5825 neces-

591 5993 620 6046 ιι)
636 5989 762 6033 exorarent.
780 5990 819 6030 xl.
835 5986 969 6042 Epistolae
984 5989 1010 6029 et
1027 5983 1114 6028 brevia
1130 5983 1276 6038 selectiora,
1293 5986 1354 6028 tom.
1371 5985 1410 6036 ιι,
1426 5993 1483 6037 pag.
1501 5983 1546 6023 ιιι.

2129 570 2180 627 dn.
2193 570 2223 628 C.
2239 569 2310 625 lm
