4814 6992
107 667 207 725 .ltt.C
238 673 317 729 1652
1856 673 1893 738 19
1950 676 2001 732 ln.
2014 678 2043 732 C.
2059 675 2126 732 tlt-32

1163 828 1309 874 concessa
1331 817 1406 872 sunt
1422 827 1486 872 non
1509 810 1647 884 obstare,
1670 809 1789 886 quibus
1810 810 1912 872 omni-

1164 906 1221 968 bus
1243 913 1276 967 et
1296 906 1444 982 singolis,
1469 904 1590 966 etiamsi
1614 921 1670 982 pro
1694 904 1824 966 illorum
1847 903 1912 966 sul·

1163 1001 1281 1063 licienti
1304 1001 1513 1077 derogatione
1528 999 1567 1060 de
1583 997 1646 1060 illis
1668 1012 1848 1074 eorumque
1865 1003 1910 1058 to-

1163 1095 1201 1154 tis
1226 1095 1392 1156 tenoribus
1414 1092 1569 1172 specialis,
1585 1092 1741 1170 specillca,
1760 1107 1910 1168 expressa

1162 1195 1194 1250 et
1215 1187 1396 1259 individua,
1420 1204 1454 1250 ac
1483 1187 1521 1248 de
1554 1185 1653 1248 verbo
1685 1185 1721 1246 ad
1753 1185 1908 1256 verbum,

1162 1297 1226 1342 tion
1248 1287 1355 1342 autern
1378 1295 1435 1357 per
1457 1279 1613 1341 clausulas
1635 1277 1802 1355 generales
1824 1277 1909 1338 idem

1161 1374 1382 1450 importantes,
1408 1373 1529 1434 tuentio
1551 1387 1608 1433 seu
1631 1371 1761 1448 quaevis
1776 1371 1835 1432 alia
1857 1386 1910 1432 ex-

981 693 1130 740 unenrtus
1152 693 1203 740 ΡΡ.
1228 694 1296 739 Vlll.

356 809 549 874 laxationem
579 813 743 874 dumtaxat
771 811 862 874 nobis
895 819 927 873 et
957 811 1106 874 Romanis

357 904 562 968 Pontificibus
585 921 642 984 pro
665 911 812 984 tempore
828 905 1040 968 existentibus
1058 921 1106 966 re-

358 1005 517 1060 servatam
541 998 638 1060 luisse
660 1007 692 1060 et
713 1015 784 1062 esse
806 999 1013 1061 declaramus.

83 1088 278 1188 mmmaggto
301 1093 336 1137 11⁰
397 1091 415 1165 ᾗ
444 1088 473 1150 6.
497 1089 648 1168 insuper,
680 1107 753 1152 cum
776 1107 790 1151 a
814 1092 910 1152 sacris
932 1091 1106 1154 canonibus

252 1148 336 1200 ptan-

82 1193 114 1234 ae
158 1194 337 1248 ‹tignitates
358 1181 554 1258 prohibitum
588 1183 629 1243 sit
661 1181 810 1244 omnibus
839 1184 985 1262 personis
1007 1185 1106 1246 eccle·

81 1253 165 1346 'i'ssssf‘f
199 1251 337 1364 ἓοῗῗξξῖ
357 1273 509 1346 siasticis,
540 1283 573 1336 et
601 1276 789 1354 praesertim
817 1275 1035 1352 regularibus,
1065 1295 1106 1340 ne

82 1355 278 1468 {ffilQUJt
297 1361 336 1458 ‘gip
357 1368 457 1432 officia
485 1368 640 1432 secularia
671 1376 836 1446 acceptent
864 1375 896 1430 et
918 1377 1103 1442 exerceant,

82 1461 336 1568 gfffffilssffiss
356 1463 559 1540 negotiisque
590 1463 787 1526 secularibus
820 1479 854 1526 se
885 1464 1102 1536 immisceant,

83 1569 333 1620 cianemhabent.
356 1563 470 1618 tenore
496 1557 715 1634 praesentium
744 1558 863 1619 nedum
894 1557 1104 1634 praelationes

355 1666 413 1711 seu
436 1650 606 1726 dignitates
635 1650 861 1712 ecclesiasticas
890 1657 979 1712 extra
1004 1651 1103 1728 ipsam

356 1745 546 1808 Societatem
570 1745 757 1814 existentes,
792 1745 847 1806 sed
871 1745 973 1806 multo
1003 1747 1103 1822 magis

354 1839 514 1901 seculares
531 1853 749 1916 quascumque
761 1835 818 1916 (l),
835 1855 868 1899 ac
881 1853 1103 1915 quaecumque

355 1933 465 2005 officia,
496 1948 634 2012 quorum
668 1932 816 1994 officiales
848 1933 1101 1994 iurisdictionem

354 2027 596 2090 ecclesiasticam
618 2026 670 2088 vel
704 2025 845 2088 laicalem
868 2026 907 2087 de
936 2026 1018 2098 lure,
1045 2043 1102 2088 usu

353 2120 406 2182 vel
427 2119 661 2182 consuetudine
684 2120 812 2192 habent,
829 2135 886 2181 seu
902 2120 1102 2198 quomodoli-

353 2213 408 2275 bet
429 2221 517 2276 extra
539 2213 639 2292 ipsam
656 2211 848 2276 Societatem
864 2219 1027 2284 exercent,
1042 2213 1101 2276 sub

353 2308 513 2384 praedicto
534 2314 610 2368 voto
634 2315 666 2368 et
681 2306 897 2385 prohibitione
918 2307 1101 2369 huiusmodi

352 2401 583 2478 comprehensa
616 2400 713 2462 luisse
743 2407 775 2462 et
810 2417 878 2462 esse
900 2418 934 2462 ac
956 2417 1100 2479 compre·

353 2493 451 2556 hendi
472 2493 591 2556 debere
613 2493 763 2555 similiter
785 2493 982 2556 declaramus
997 2499 1030 2554 et
1048 2495 1100 2556 de·

352 2588 533 2654 cernimus:

392 2683 412 2756 ἓ
433 2679 461 2742 7.
485 2681 671 2743 Praesentes
690 2695 820 2758 quoque
835 2679 957 2742 litteras
973 2680 1012 2741 de
1027 2681 1100 2742 sub-

351 2775 506 2854 reptionis
521 2774 573 2837 vel
590 2774 787 2853 obreptionis
809 2790 866 2836 seu
883 2774 1035 2836 nullitatis
1055 2775 1100 2835 vi-

353 2870 407 2942 tio,
430 2876 484 2931 aut
504 2870 692 2932 intentionis
719 2875 846 2930 nostrae
872 2868 924 2930 vel
950 2871 1098 2947 quopiam

351 2964 413 3026 alio
435 2964 560 3027 delectu
576 2963 691 3035 notari,
707 2963 902 3042 impugnari,
919 2963 1097 3036 invalidam,

350 3057 494 3134 infringi,
518 3059 694 3128 retractari,
719 3057 751 3118 in
773 3043 823 3117 ids
844 3055 896 3117 vel
912 3062 1099 3118 controver-

348 3153 427 3214 siam
449 3151 567 3222 vocari,
591 3167 647 3212 seu
670 3150 707 3211 ad
731 3149 813 3210 viam
830 3155 863 3212 et
878 3151 1034 3212 terminos
1051 3151 1098 3212 iu-

349 3245 393 3306 ris
414 3246 535 3318 reduci,
560 3252 613 3306 aut
634 3245 787 3306 adversus
804 3259 854 3304 eas
870 3245 1097 3322 quodcumque

348 3339 440 3412 iuris,
465 3339 535 3400 lacti
564 3337 617 3400 vel
640 3338 759 3414 gratiae
788 3337 968 3400 remedium
998 3338 1098 3415 impe-

348 3433 437 3504 trari,
460 3439 514 3494 aut
535 3431 676 3504 concedi,
701 3431 768 3493 sive
792 3431 888 3492 etiam
912 3435 1002 3493 motu
1027 3448 1097 3509 pro-

349 3527 419 3605 prio
454 3543 510 3588 seu
543 3525 617 3587 alias
653 3541 802 3587 concesso
832 3525 1014 3602 quempiam
1051 3526 1096 3586 uti

347 3636 407 3682 seu
434 3637 467 3681 se
502 3619 613 3680 iuvare
645 3619 678 3680 in
699 3617 817 3680 iudicio
845 3623 878 3679 et
906 3624 995 3680 extra
1017 3619 1095 3680 illud

348 3713 533 3776 nullatenus
555 3729 658 3790 posse,
682 3712 737 3774 sed
753 3711 822 3774 illas
836 3728 965 3790 semper
981 3718 1012 3774 et
1028 3729 1096 3790 per-

347 3815 446 3886 petuo
468 3807 598 3878 validas,
622 3807 730 3868 firmas
746 3812 778 3866 et
793 3807 933 3868 efficaces
957 3807 1097 3868 existere

347 3909 380 3964 et
401 3902 481 3974 lore,
505 3915 645 3977 suosque
667 3900 825 3978 plenarios
841 3909 872 3962 et
886 3901 1031 3976 integros
1053 3897 1096 3960 el-

347 3995 449 4057 lectus
471 3995 579 4056 sortiri
602 4001 633 4055 et
655 3993 813 4064 obtinere,
838 3993 921 4055 acin
945 3992 1025 4054 dicta
1042 3991 1097 4054 So·

347 4089 460 4151 cietate
482 4087 519 4149 ab
542 4087 691 4149 omnibus
719 4093 751 4148 et
771 4085 927 4164 singulis,
952 4087 989 4148 ad
1016 4101 1096 4162 quos

347 4191 468 4261 spectat
487 4189 520 4244 et
542 4197 598 4260 pro
628 4189 774 4258 tempore
803 4180 971 4258 spectabit,
995 4180 1097 4242 invio-

95 2693 242 2752 clausulas
257 2705 330 2750 prae-

96 2750 250 2842 {egistius
283 2759 331 2804 ap·

347 4277 487 4339 labiliter
508 4275 649 4348 servari;

148 4389 242 4450 anca
259 4387 330 4432 strar·
388 4374 407 4446 ἐ
434 4370 463 4431 8.
496 4369 611 4447 Sicque
639 4385 697 4446 per
726 4384 947 4446 quoscumque
975 4369 1095 4431 iudices

96 4441 525 4540 ¹.},',',¹¹201{‘,¹,⁰}¹¹¹³'ordinarios
548 4471 579 4525 et
601 4463 779 4540 delegatos,
804 4463 900 4524 etiam
928 4479 1094 4524 causarum

348 4559 455 4638 palatii
468 4557 630 4636 apostolici
646 4557 817 4630 auditores,
836 4565 867 4618 et
883 4555 913 4618 S.
927 4556 962 4618 ll.
974 4557 1009 4618 E.
1024 4557 1095 4618 llar-

347 4653 481 4724 dinales,
498 4653 593 4714 etiam
616 4652 654 4713 de
678 4651 776 4712 latere
799 4650 946 4728 Legatos,
963 4656 996 4712 et
1015 4668 1095 4713 nun-

346 4750 424 4818 cios,
441 4747 552 4824 quavis
567 4746 755 4808 auctoritate
771 4744 955 4821 iungentes,
973 4745 1095 4806 sublata

346 4842 394 4904 eis
417 4849 583 4904 eteorum
606 4839 738 4901 cuilibet
760 4839 871 4914 quavis
900 4838 993 4900 aliter
1015 4839 1094 4900 iudi-

346 4935 436 4997 candi
463 4939 495 4996 et
522 4932 755 5010 interpretandi
787 4931 935 4994 lacultate
960 4933 1094 4994 auctori-

346 5035 486 5106 tateque,
509 5027 731 5104 interpretari,
762 5025 893 5088 iudicari
916 5035 947 5086 et
968 5025 1095 5088 deliniri

346 5122 477 5194 debere,
500 5137 534 5182 ac
555 5120 684 5181 irritum
707 5126 739 5181 et
760 5119 865 5192 inane,
890 5119 916 5179 si
932 5135 1022 5182 secus
1043 5136 1093 5181 su-

346 5231 404 5293 per
426 5214 474 5276 his
496 5231 512 5275 a
534 5228 715 5290 quoquam,
749 5213 859 5291 quavis
888 5214 1092 5284 auctoritate,

345 5309 485 5370 scienter
507 5307 558 5369 vel
580 5307 779 5383 ignoranter,
803 5307 976 5383 contigerit
994 5315 1094 5370 atten-

346 5401 417 5482 tari.

111 5513 258 5573 pelearia
275 5511 325 5556 cor·
382 5495 405 5569 ,ξ
431 5493 460 5554 9.
484 5493 554 5555 Non
584 5493 783 5554 obstantibus
812 5493 1093 5556 constitutionibus

101 5569 135 5611 ¹¹¹·
346 5599 379 5649 et
401 5587 652 5648 ordinationibus
668 5586 858 5664 apostolicis,
877 5593 918 5658 et,
937 5595 1094 5664 quatenns

346 5697 426 5759 opus
448 5681 541 5752 loret,
566 5681 660 5742 etiam
688 5681 801 5756 regula
832 5689 940 5742 nostra
969 5681 1007 5742 de
1030 5698 1093 5743 non

344 5773 490 5836 tollendo
511 5775 582 5836 iure
611 5775 765 5851 quaesito,
789 5791 915 5836 necnon
945 5776 1094 5836 omnibus

343 5869 420 5940 illis,
445 5867 579 5946 quaein
602 5868 723 5929 eisdem
746 5868 952 5946 praeinsertis
978 5869 1093 5930 litteris

385 6083 414 6137 (l)
433 6083 499 6126 Edit.
516 6081 592 6126 Malu.
608 6081 672 6137 legit
688 6093 877 6136 ciros-euntque.

1162 1466 1283 1545 pressio
1307 1467 1449 1528 habenda
1471 1473 1526 1527 aut
1546 1465 1649 1542 aliqua
1672 1465 1730 1526 alia
1752 1463 1910 1542 exquisita

1161 1561 1262 1622 lcrma
1284 1561 1321 1622 ad
1343 1561 1403 1622 boc
1424 1559 1579 1620 servanda
1594 1559 1688 1630 loret,
1713 1573 1827 1620 eorum
1842 1574 1910 1618 om-

1160 1655 1250 1716 nium
1273 1660 1305 1716 et
1319 1653 1524 1730 singulorum
1542 1661 1671 1714 tenores
1689 1651 1909 1730 praesentibus

1161 1763 1218 1824 pro
1240 1747 1335 1824 plene
1357 1753 1389 1808 et
1413 1745 1609 1808 sufficienter
1632 1745 1792 1824 expressis
1815 1751 1847 1806 et
1871 1745 1907 1806 ad

1159 1841 1296 1902 verbum
1320 1840 1448 1902 insertis
1471 1838 1634 1910 habentes,
1654 1839 1710 1900 hac
1726 1841 1795 1900 vice
1818 1839 1908 1900 dum-

1162 1943 1242 1994 taxat
1262 1933 1441 2012 specialiter
1463 1940 1495 1994 et
1516 1947 1667 2010 expresse
1691 1933 1906 2010 derogamus3

1159 2029 1338 2104 ceterisque
1360 2027 1528 2088 contrariis
1551 2025 1818 2102 quibuscumque.

1198 2121 1310 2183 batum
1328 2121 1457 2192 Romae,
1471 2121 1553 2197 apud
1572 2119 1603 2181 S.
1621 2119 1763 2192 Petrum,
1780 2120 1839 2182 sub
1855 2135 1908 2180 an-

1160 2216 1235 2278 nulo
1258 2214 1435 2286 Piscatoris,
1460 2214 1511 2274 die
1534 2229 1609 2274 xxv.
1633 2214 1695 2274 ian.
1720 2229 1905 2284 uncxxxrr„

1160 2309 1360 2388 pontificatus
1382 2306 1485 2368 nostri
1507 2322 1589 2368 anno
1612 2323 1655 2368 rx.

1505 2682 1557 2746 vt.

1296 2869 1420 2932 Sentice
1440 2869 1611 2932 catholicos
1631 2870 1765 2948 ,duplice

1347 2963 1478 3042 repletae
1499 2961 1709 3025 commendat.

1348 3145 1527 3214 buethtts
1549 3146 1611 3212 ΡΡ.
1637 3145 1708 3211 Vlll.

1234 3336 1419 3404 Clarissima
1440 3339 1467 3403 in
1483 3335 1603 3402 christo
1623 3336 1687 3403 iilia
1708 3341 1822 3416 nostra,

1186 3432 1315 3499 salutern
1339 3437 1370 3497 et
1392 3431 1590 3512 apostolicam
1616 3431 1868 3498 benedictionem.

1194 3621 1288 3684 llulta
1313 3629 1408 3690 sunt,
1443 3620 1559 3698 quibus
1592 3621 1778 3683 inchoandis
1808 3622 1902 3700 perli-

1153 3715 1338 3792 ciendisque
1368 3715 1528 3794 opinioni,
1562 3729 1643 3792 quae
1675 3715 1714 3776 de
1748 3720 1803 3777 tuo
1825 3731 1902 3794 erga

1153 3807 1354 3884 Religionem
1377 3808 1482 3869 studio
1515 3823 1573 3884 per
1602 3808 1748 3869 omnium
1780 3809 1902 3870 animos

1152 3902 1255 3963 adbuc
1280 3901 1430 3979 pervasit,
1454 3901 1579 3962 abunde
1601 3900 1798 3976 satisfecisti3
1823 3901 1902 3964 nihil

1154 4001 1260 4056 tamen
1282 4001 1339 4066 est,
1364 3995 1454 4056 cuius
1481 4010 1572 4056 causa
1595 3995 1749 4056 maiorem
1772 3995 1902 4058 abonis

1153 4089 1279 4150 laudem
1303 4087 1456 4165 consequi
1477 4089 1597 4166 possis,
1623 4089 1765 4165 quamsi
1788 4087 1903 4151 (latho-

1153 4182 1288 4243 licorum
1311 4183 1465 4244 adversus
1489 4182 1665 4244 haereticos
1689 4183 1900 4260 patrocinium

1152 4292 1185 4336 ac
1208 4275 1431 4338 delensionem
1453 4275 1644 4352 susceperis
1678 4274 1711 4337 ld
1734 4282 1769 4338 ut
1793 4277 1902 4354 pietati

1153 4377 1235 4439 tuae,
1259 4385 1294 4431 ac
1309 4368 1474 4430 veteribus
1496 4368 1612 4445 Regiae
1628 4368 1824 4430 Francorum
1848 4369 1902 4432 do-

1152 4479 1224 4524 mus
1256 4462 1412 4524 institutis
1442 4461 1562 4540 optime
1590 4463 1779 4540 respondet,
1803 4463 1844 4524 ita
1866 4464 1902 4526 il·

1152 4557 1213 4618 lius
1243 4557 1424 4634 procuratio
1446 4556 1600 4634 pontificii
1623 4558 1767 4618 muneris
1794 4573 1828 4620 ac
1850 4573 1901 4635 pa-

1153 4658 1261 4712 ternae
1285 4659 1411 4712 nostrae
1426 4649 1650 4712 sollicitudinis
1668 4652 1806 4712 maxime
1829 4667 1901 4729 pro·

1152 4745 1218 4822 pria
1241 4751 1300 4806 est.
1323 4743 1537 4818 Quamobrem
1553 4743 1743 4817 Catholicae,
1768 4760 1849 4821 quos
1864 4745 1901 4808 ab

1152 4837 1323 4900 llaereticis
1352 4839 1385 4898 iu
1417 4837 1521 4900 Scotia
1552 4837 1684 4914 indigue
1712 4839 1822 4899 vexari
1851 4856 1902 4900 co-

1152 4933 1342 5009 gnovimus,
1377 4931 1529 4993 Maiestati
1561 4938 1633 4993 tuae
1662 4931 1707 4992 sic
1737 4949 1901 4994 commen-

1151 5027 1274 5098 damus,
1288 5035 1324 5088 ut
1339 5043 1445 5104 neque
1461 5027 1582 5088 maiore
1594 5027 1700 5088 studio
1717 5027 1899 5104 quicquam,

1151 5137 1257 5196 neque
1278 5119 1464 5182 iustioribus
1486 5121 1524 5182 de
1547 5121 1648 5182 causis
1675 5123 1901 5184 commendare

1151 5214 1320 5292 possimus
1344 5212 1428 5286 Quae
1450 5213 1488 5274 ab
1510 5213 1548 5274 iis
1570 5213 1714 5292 quotidie
1737 5214 1901 5292 patiuntur

1150 5307 1311 5368 acerbiora
1334 5313 1420 5378 sunt,
1451 5322 1545 5383 quarn
1568 5313 1604 5368 ut
1632 5325 1647 5368 a
1669 5307 1839 5369 clementia
1869 5313 1903 5369 et

1151 5401 1267 5478 pietate
1291 5407 1341 5462 tua
1364 5400 1483 5462 diutius
1513 5399 1643 5462 tolerari
1665 5401 1819 5462 debeant:
1845 5417 1899 5463 ne·

1151 5509 1213 5570 que
1236 5493 1322 5555 enim
1345 5494 1384 5555 de
1413 5493 1460 5555 rei
1486 5493 1650 5555 familiaris
1673 5494 1811 5566 iactura,
1845 5500 1899 5555 aut

1151 5588 1190 5648 de
1207 5587 1349 5664 corporis
1372 5587 1595 5658 incommodis,
1620 5596 1820 5665 quaetamen
1842 5588 1898 5649 du-

1151 5681 1276 5742 rissima
1292 5688 1378 5754 sunt,
1396 5681 1451 5742 sed
1468 5681 1507 5742 de
1521 5682 1645 5743 animae
1660 5681 1793 5744 interitu
1809 5697 1900 5759 prae·

1151 5774 1243 5853 cipue
1266 5775 1383 5852 agitur,
1401 5791 1464 5852 quo
1488 5775 1593 5836 omnia
1610 5778 1648 5837 ab
1663 5775 1726 5837 illis
1742 5792 1799 5854 per
1814 5791 1900 5837 sum·

1152 5883 1236 5929 marn
1266 5868 1463 5946 impietatem
1492 5869 1688 5945 diriguntur.
1722 5869 1827 5932 Tuum
1854 5875 1901 5930 est
