4756 6994
324 571 503 629 ansano
559 555 616 634 lto

538 705 594 768 lilii
618 707 764 768 monaclri
779 707 845 786 syri
860 708 1035 770 maronitae
1055 708 1197 771 eiusdem
1215 706 1284 784 qui·

538 800 612 862 dem
633 797 760 864 Ordinis
786 801 891 864 Sancti
913 801 1041 865 Antonii
1064 801 1203 874 Abbatis,
1227 803 1282 864 sed

538 893 804 971 Congregationis
824 895 938 957 Montis
960 895 1070 957 Libani
1093 895 1205 968 dictae,
1230 895 1283 957 ob-

538 993 683 1060 servent,
718 989 823 1066 deqne
852 989 995 1067 ipsorum
1025 988 1283 1066 Congregatione

539 1081 571 1152 S,
595 1081 689 1144 Isaiae
711 1082 743 1144 in
766 1082 913 1161 praelatis
934 1083 1037 1146 literis
1060 1083 1177 1145 nostris
1206 1083 1284 1144 lacta

539 1175 637 1238 luerit
658 1177 792 1248 mentio,
817 1183 934 1250 tamen,
953 1183 988 1238 ut
1006 1177 1134 1240 ildelem
1157 1183 1189 1238 et
1210 1193 1284 1239 con-

538 1275 686 1342 stantem,
704 1285 797 1346 qnam
815 1269 920 1332 eidem
937 1269 968 1332 S.
987 1269 1061 1332 Sedi
1078 1270 1281 1348 profitentur,

539 1362 775 1425 observantiam
797 1371 829 1426 et
854 1364 1067 1426 obedientiam
1087 1363 1222 1425 alacrius
1238 1369 1283 1425 te·
1310 1389 1313 1451 Ι

537 1465 648 1520 statam
679 1458 793 1520 iaciant
825 1465 857 1520 et
885 1457 1051 1520 nationalis
1084 1456 1204 1536 Synodi
1229 1475 1285 1522 no-

539 1551 669 1613 vissime
692 1552 723 1612 in
747 1551 853 1615 Monte
874 1551 993 1614 Libano
1021 1553 1181 1629 praedicto
1203 1552 1284 1614 cele-

538 1644 645 1706 bratae
667 1646 808 1718 decreto,
825 1646 859 1708 in
878 1661 941 1723 quo
957 1646 1189 1724 praescriptum
1212 1645 1282 1718 init,

537 1743 574 1800 ut
595 1738 742 1800 monachi
774 1755 887 1802 omnes
918 1739 1093 1801 maronitae
1114 1755 1186 1800 snas
1212 1756 1285 1802 con·

537 1831 721 1895 stitutiones
752 1833 790 1896 ab
822 1833 1000 1913 apostolica
1033 1832 1116 1896 Sede
1148 1834 1286 1912 praelata

538 1925 755 2005 approbandas
788 1933 820 1990 et
849 1928 1082 1990 confirmandas
1114 1935 1283 2002 curarent,

539 2035 652 2098 parere
666 2029 819 2098 satagant,
837 2023 1105 2084 constitutionum
1122 2022 1286 2085 buiusmo-

538 2114 587 2186 di,
617 2121 654 2174 ut
681 2115 918 2191 praemittitur,
952 2116 1013 2176 iam
1039 2118 1283 2194 approbatorum

537 2208 864 2285 confirmatarumque
886 2225 944 2287 pro
966 2210 1076 2272 eadem
1100 2211 1283 2294 Congrega-

539 2301 625 2362 tione
648 2301 762 2364 llontis
792 2301 901 2364 Libani
927 2303 1189 2380 approbationem
1212 2327 1285 2373 con-

538 2395 820 2472 firmationemqne
850 2411 907 2474 pro
935 2396 1079 2474 ipsorum
1102 2398 1285 2481 congrega·

540 2487 626 2550 tione
648 2486 679 2550 S.
703 2487 799 2550 isaiae
820 2488 1050 2562 desiderantes,
1068 2492 1158 2555 nobis
1181 2495 1285 2558 bumi-

539 2580 612 2642 liter
632 2581 803 2659 supplicari
826 2581 984 2656 iecerunt,
1002 2590 1037 2645 ut
1058 2585 1118 2648 sibi
1139 2587 1171 2648 in
1195 2605 1283 2667 prae-

539 2676 642 2738 missis
665 2683 845 2756 opportnno
868 2678 1039 2754 providere
1061 2683 1147 2743 etde
1163 2692 1285 2762 aposto·

539 2768 596 2832 lisa
618 2769 815 2846 benignitate
837 2770 1008 2847 indulgere
1024 2771 1244 2850 dignaremur.

578 2865 596 2939 ἓ
618 2862 647 2924 3.
671 2861 923 2926 constitutiones
943 2872 1050 2927 antem
1066 2875 1142 2930 sunt
1164 2871 1285 2932 tenoris

537 2957 719 3034 sequentis,
743 2955 908 3018 videlicet:

579 3049 862 3114 «constitutiones
881 3053 1110 3116 monachorum
1129 3054 1285 3135 Syrorum

539 3145 766 3207 Maronitarum
794 3143 921 3208 Ordinis
949 3145 980 3208 S.
1005 3145 1135 3210 Antonii
1157 3149 1286 3215 Abbatis

537 3239 798 3316 congregationis
828 3237 933 3301 Sancti
955 3239 1051 3304 isaiae
1073 3239 1183 3320 Syriae
1206 3261 1286 3308 nun-

538 3342 680 3410 cupatae.
698 3332 804 3393 -Pars
826 3333 938 3412 prima.
957 3333 1089 3412 -Caput
1111 3335 1133 3397 l.
1158 3337 1200 3398 lis
1221 3337 1287 3402 obe-

539 3425 693 3488 dientia>
714 3423 771 3505 (l).

579 3519 648 3596 §ln
672 3519 736 3582 Nos
758 3519 857 3597 igitur
885 3521 1030 3599 ipsorum
1061 3521 1201 3586 Simonis
1224 3525 1284 3590 Ab·

540 3613 629 3686 batis,
653 3621 686 3676 et
706 3613 892 3686 Abrabami,
923 3614 1040 3678 Rimini
1061 3633 1096 3678 ac
1123 3618 1210 3681 Pauli
1232 3621 1285 3683 de-

539 3707 704 3770 linitorum
721 3713 753 3770 et
768 3708 999 3770 monachorum
1015 3710 1099 3774 votis
1116 3711 1172 3774 bac
1187 3713 1220 3775 in
1236 3730 1282 3787 re,

538 3809 694 3878 qnantum
716 3817 789 3863 cnm
812 3801 948 3863 Domino
963 3818 1146 3881 possumus,
1164 3805 1284 3869 lavora-

539 3895 647 3958 biliter
674 3911 818 3958 annuere
847 3896 1011 3968 volentes,
1036 3913 1156 3976 eosque
1179 3917 1194 3962 a
1216 3903 1285 3978 qui-

539 3989 648 4052 busvis
674 3989 1031 4062 excommunicationis,
1063 3995 1284 4070 suspensionis

538 4089 571 4145 et
601 4082 763 4145 interdicti
795 4083 929 4160 aliisque
961 4084 1180 4148 ecclesiasticis
1213 4105 1286 4151 sen-

539 4176 658 4248 tentiis,
681 4177 826 4240 censuris
842 4183 874 4238 et
896 4177 1015 4255 poenis,
1040 4195 1056 4240 a
1078 4179 1149 4241 iure
1171 4181 1224 4243 vel
1246 4183 1283 4245 ab

539 4271 681 4342 bomine,
699 4271 810 4346 quavis
833 4271 997 4334 occasione
1020 4272 1070 4334 vel
1086 4289 1178 4335 causa
1201 4275 1282 4349 latis,

538 4365 696 4442 siquibus
715 4365 959 4441 quomodolibet
973 4365 1114 4428 innodati
1130 4367 1282 4444 existunt,

537 4461 574 4522 ad
601 4459 748 4521 ellectum
780 4459 999 4536 praesentium
1022 4461 1187 4524 dumtaxat
1211 4479 1285 4525 con-

538 4553 751 4632 sequendum,
776 4553 890 4614 barum
923 4555 1006 4616 serie
1028 4554 1231 4620 absolventes
1254 4565 1286 4621 et

537 4647 699 4710 absolutos
721 4645 791 4709 lore
813 4655 992 4720 censentes,
1009 4649 1191 4712 istiusmodi
1212 4668 1285 4731 sup-

539 4739 760 4827 plicationibus
782 4740 935 4813 inclinati,
960 4757 1071 4804 omnes
1090 4749 1122 4804 et
1143 4743 1284 4821 singulas

538 4833 666 4911 regulas
688 4852 723 4897 ac
744 4835 990 4898 constitutiones
1020 4837 1231 4914 praeinsertas
1254 4847 1286 4902 et

538 4927 639 4990 ineis
664 4935 813 4992 contenta
835 4944 1068 5007 quaecumque,
1099 4933 1285 4995 anctoritate

539 5023 718 5100 apostolica,
742 5031 856 5086 tenore
878 5025 1107 5102 praesentium,
1129 5034 1285 5104 perpetuo

580 5248 610 5302 tl)
626 5251 675 5292 Pro
685 5247 824 5302 brevitate,
835 5247 938 5304 relique
949 5259 999 5292 non
1012 5249 1223 5295 transcribimus.
1236 5253 1287 5295 llas

539 5325 601 5359 vero
616 5315 730 5370 regulas,
746 5327 776 5358 ex
795 5315 901 5360 arabico
918 5315 1043 5360 idiomate
1059 5325 1076 5361 a
1090 5317 1199 5373 losepbo
1216 5323 1287 5362 asse-

540 5381 611 5427 inani
622 5380 647 5424 in
659 5381 772 5426 latinum
786 5393 883 5430 verses,
894 5382 1011 5426 invenies
1022 5382 1047 5426 iu
1060 5387 1228 5436 deputarem
1240 5389 1288 5429 col·

539 5451 647 5492 tectione
662 5451 688 5491 N.
704 5449 744 5491 ‘rib
758 5451 895 5493 asservata
909 5447 935 5492 iu
952 5449 1092 5494 tabulario
1108 5454 1133 5494 s.
1148 5455 1241 5507 Corrgr.
1256 5451 1287 5496 de

538 5519 613 5570 Prop.
629 5515 704 5568 ltide;
725 5519 752 5560 et
768 5515 829 5560 huic
848 5516 984 5560 assemani
1005 5517 1119 5562 versioni
1134 5519 1224 5564 addita
1238 5519 1288 5564 luit

538 5593 578 5635 ea,
593 5593 660 5636 quae
675 5582 809 5638 sequitur,

816 5692 1012 5736 APPROBATIO
1314 5706 1317 5739 l

578 5789 614 5831 Ex
626 5785 759 5832 mandatis
770 5787 812 5831 ss.
823 5787 910 5832 Patris
920 5787 1063 5834 clementis
1074 5791 1125 5832 Xll.
1137 5791 1210 5833 Pont.
1221 5790 1287 5834 Max.
1314 5792 1316 5803 '

538 5855 652 5911 Regulus
673 5857 699 5898 et
720 5853 927 5898 constitutiones
950 5855 1135 5900 Monncbormm
1159 5858 1286 5909 Syrorum
1314 5870 1316 5899 ι

538 5921 730 5967 Maronitarum
747 5920 852 5966 Ordinis
866 5923 890 5966 s.
902 5921 1009 5966 Antonii
1021 5921 1128 5966 abbatis
1144 5925 1288 5977 Congrege-

538 5989 618 6034 tionis
640 5987 735 6033 Montis
757 5987 850 6034 Libani
870 5989 1005 6045 praesenti
1023 5988 1156 6035 volumine
1171 5999 1288 6046 compre·

1057 591 1122 636 ltltt.
1145 591 1237 636 PONT.
1262 589 1302 636 DE
1324 590 1354 636 P.
1379 589 1408 635 Ι.
1432 589 1516 635 PARS
1537 591 1559 634 l.

1338 708 1566 770 confirmamus
1589 713 1622 770 et
1642 707 1865 784 approbamus,
1890 703 2018 782 illisque
2041 703 2088 764 in-

1338 799 1496 862 violabilis
1511 801 1700 879 apostolicae
1716 800 1875 862 firmitatis
1898 798 1998 860 robur
2013 797 2087 858 adii-

1339 895 1451 965 oimns,
1474 911 1509 956 ac
1531 911 1642 957 omnes
1665 901 1697 958 et
1718 893 1862 970 singulos
1891 892 1970 954 iuris
1992 898 2025 954 et
2046 892 2087 954 la-

1339 987 1390 1060 cti,
1424 1003 1458 1049 ac
1479 987 1721 1050 solemnitatum
1753 985 1973 1063 quarumlibet
1994 986 2027 1046 in
2048 985 2088 1046 si-

1340 1081 1469 1144 milibus
1492 1083 1587 1144 etiam
1610 1084 1649 1146 de
1666 1079 1853 1145 necessitate
1875 1081 2087 1143 observanda-

1340 1192 1423 1247 rum,
1447 1177 1568 1239 aliosve
1590 1177 1752 1254 quoslibet
1766 1177 1862 1238 etiam
1882 1174 2034 1238 lormales
2057 1182 2088 1236 et

1339 1269 1562 1332 substantiales
1585 1269 1738 1342 deiectus,
1762 1269 1788 1330 si
1810 1267 1913 1346 quiin
1937 1267 2087 1345 praemis-

1339 1365 1381 1426 sis
1403 1363 1631 1442 principaliter,
1655 1363 1708 1426 vel
1730 1362 1927 1434 accessoria,
1951 1368 2005 1424 ant
2026 1361 2087 1423 alio

1340 1458 1452 1535 quovis
1477 1457 1572 1519 modo
1596 1456 1844 1528 intervenerint,
1865 1471 1923 1517 seu
1946 1455 2088 1516 interve·

1340 1554 1425 1614 nisse
1447 1551 1518 1624 dici,
1535 1551 1660 1612 censeri
1681 1550 1734 1612 vel
1757 1549 1921 1628 praetendi
1944 1555 2085 1626 possent,

1342 1646 1466 1724 penitus
1481 1652 1513 1706 et
1528 1643 1660 1706 omnino
1678 1642 1866 1721 supplemus
1882 1650 1915 1704 et
1928 1657 2084 1704 sanamus.

1380 1739 1449 1815 55.
1474 1739 1689 1800 llecernentes
1711 1738 1837 1800 easdem
1864 1743 2029 1816 presentes
2052 1736 2087 1798 li-

1342 1841 1424 1896 teras
1453 1851 1487 1895 ac
1516 1831 1644 1908 regulas
1674 1839 1706 1894 et
1730 1831 1976 1896 constitutiones
1999 1846 2086 1910 prae·

1340 1929 1476 1991 insertas
1503 1941 1632 2005 semper
1661 1927 1784 1998 lirrnas,
1815 1925 1933 1988 validas
1962 1931 1994 1988 et
2022 1925 2087 1986 eiii-

1341 2037 1429 2085 caces
1451 2021 1591 2083 existere
1607 2027 1639 2081 et
1661 2019 1741 2092 iore,
1754 2012 1905 2097 'suosque
1927 2018 2087 2097 plenarios

1342 2123 1374 2178 et
1394 2115 1538 2191 integros
1554 2113 1686 2176 ellectus
1701 2113 1810 2176 sortiri
1826 2119 1858 2174 et
1873 2111 2037 2185 obtinere;
2053 2130 2087 2174 ac

1340 2210 1414 2280 illis,
1428 2210 1465 2270 ad
1481 2223 1560 2286 quos
1576 2215 1696 2285 spectat
1711 2214 1743 2269 et
1758 2223 1815 2285 pro
1830 2213 1975 2284 tempore
1990 2221 2087 2284 qnan-

1342 2303 1522 2380 documque
1550 2301 1718 2380 spectabit,
1742 2301 1775 2364 in
1803 2300 1952 2362 omnibus
1978 2307 2010 2364 et
2031 2317 2087 2379 per

1342 2397 1448 2458 omnia
1470 2396 1657 2475 plenissime
1678 2395 1856 2472 suffragari,
1878 2401 1911 2456 et
1924 2395 1962 2456 ab
1978 2395 2023 2457 eis
2039 2411 2087 2457 re-

1341 2489 1483 2568 spective
1512 2487 1741 2551 inviolabiliter
1773 2488 1954 2560 observari,
1978 2489 2088 2565 sicque

1341 2585 1373 2645 in
1396 2581 1578 2662 praemissis
1593 2599 1650 2660 per
1665 2597 1887 2660 quoscumque
1902 2582 2022 2644 iudices
2038 2599 2088 2644 or-

1341 2676 1481 2740 dinarios
1496 2683 1529 2738 et
1551 2675 1726 2753 delegatos,
1744 2676 1839 2738 etiam
1855 2691 2021 2738 causarum
2038 2692 2089 2754 pa-

1342 2772 1407 2834 latii
1429 2770 1592 2849 apostolici
1613 2770 1774 2833 auditores
1789 2787 1823 2832 ac
1839 2768 1870 2832 S.
1887 2769 1923 2832 lt.
1941 2769 1976 2832 tt.
2001 2785 2088 2848 prae·

1342 2866 1443 2928 dictae
1474 2863 1567 2926 Gard.
1601 2864 1697 2926 etiam
1730 2863 1769 2926 de
1791 2863 1891 2926 latere
1913 2863 2034 2941 legatos
2057 2871 2089 2926 et

1342 2959 1542 3039 Apostolicae
1565 2956 1655 3020 Sedis
1677 2957 1812 3019 Nuntios
1835 2956 1955 3019 aliosve
1970 2956 2089 3034 quosli-

1342 3055 1396 3116 bet
1423 3065 1626 3130 qnacumqne
1657 3050 1908 3129 praeeminentia
1941 3057 1973 3112 et
2001 3056 2089 3128 poto-

1341 3155 1421 3210 state
1442 3146 1614 3223 iungentes
1636 3151 1668 3206 et
1689 3144 1868 3216 iuncturos,
1898 3144 2022 3206 sublata
2043 3145 2089 3206 eis

1342 3247 1374 3304 et
1395 3255 1508 3302 eorum
1532 3237 1664 3301 cuilibet
1685 3239 1797 3316 quavis
1817 3238 1910 3300 aliter
1931 3237 2088 3300 iudicandi

1342 3341 1374 3397 et
1394 3333 1627 3412 interpretandi
1654 3331 1803 3396 lacultate
1831 3337 1864 3394 et
1889 3331 2086 3405 auctoritate,

1342 3428 1472 3492 iudicari
1494 3435 1527 3489 et
1547 3426 1675 3489 deliniri
1697 3425 1828 3498 debere,
1851 3441 1886 3488 ac
1906 3425 2035 3488 irritum
2057 3433 2090 3488 et

1341 3522 1446 3594 inane,
1463 3522 1489 3583 si
1503 3537 1595 3584 secus
1617 3536 1715 3599 super
1730 3520 1779 3581 bis
1794 3537 1810 3581 a
1826 3535 1988 3598 quoquam
2012 3534 2089 3597 qua-

1341 3617 1388 3678 vis
1421 3616 1607 3678 auctoritate
1643 3615 1782 3678 scienter
1814 3614 1867 3676 vel
1899 3614 2087 3692 ignoranter

1341 3711 1512 3787 contigerit
1533 3710 1692 3772 attentari.

1380 3802 1449 3882 gd.
1476 3803 1547 3866 Non
1580 3803 1778 3867 obstantibus
1807 3801 2088 3864 constitutionibus

1340 3907 1372 3962 et
1394 3897 1647 3961 ordinationibus
1662 3895 1854 3976 apostolicis,
1872 3903 2088 3973 anquatenus

1341 4009 1419 4072 opus
1441 3993 1493 4064 sit,
1513 3989 1778 4068 congregationis
1801 3993 1833 4051 et
1853 3988 1978 4054 Ordinis
2001 4006 2089 4069 prae-

1341 4085 1489 4158 latorum,
1506 4085 1616 4148 aliisve
1631 4083 1798 4162 quibusvis
1817 4083 1913 4144 etiarn
1928 4083 2089 4146 iuramen-

1341 4187 1387 4252 to,
1421 4177 1665 4242 confirmatione
1697 4177 1865 4256 apostolica
1892 4177 1945 4239 vel
1978 4177 2088 4255 quavis

1340 4274 1491 4336 firmitate
1513 4271 1570 4334 alia
1594 4271 1751 4333 roboratis
1767 4271 1893 4333 statutis
1909 4278 1942 4333 et
1955 4285 2089 4334 consue-

1342 4367 1515 4439 tudinibns,
1539 4365 1720 4444 privilegiis
1742 4380 1882 4442 quoque,
1907 4364 2040 4427 indultis
2056 4373 2089 4428 et

1341 4462 1441 4524 literis
1474 4457 1671 4539 apostolicis,
1709 4459 1805 4522 etiam
1837 4457 2087 4536 congregationi

1340 4564 1372 4618 et
1393 4553 1503 4618 Ordini
1532 4552 1700 4631 praedictis
1722 4551 1920 4630 illorumque
1945 4554 2089 4631 superio-

1340 4649 1445 4720 ribns,
1484 4645 1647 4710 monacbis
1683 4651 1715 4708 et
1750 4647 1896 4724 personis
1928 4645 1988 4708 sub
2021 4645 2089 4724 qui-

1341 4744 1540 4818 buscumque
1562 4741 1740 4802 verborum
1773 4739 1938 4804 tenoribus
1969 4746 2002 4800 et
2026 4739 2089 4802 lor-

1341 4838 1418 4910 mis,
1442 4853 1476 4899 ac
1504 4851 1578 4898 oum
1607 4833 1773 4912 quibusvis
1796 4833 1891 4896 etiam
1922 4835 2088 4911 derogato-

2126 570 2177 626 Αῐι.
2190 571 2218 624 C.
2234 569 2306 626 ltro
2372 567 2373 570 ’

1341 4933 1460 4994 riarum
1493 4928 1705 5008 derogatoriis
1740 4926 1873 5005 aliisque
1909 4929 2089 4992 efficaciori·
2123 4990 2129 5002 ,

1342 5027 1418 5098 bus,
1446 5025 1670 5090 efficacissimis
1696 5031 1728 5086 et
1755 5024 1893 5088 insolitis
1919 5025 2086 5099 clausulis,

1342 5250 1438 5296 hensas
1452 5248 1574 5304 diligenti
1589 5248 1709 5294 exanime
1724 5247 1904 5305 expendimus.
1923 5253 2038 5308 Cornaque
2054 5251 2090 5296 ni·

1343 5316 1380 5361 lril
1396 5315 1557 5370 contineant,
1568 5317 1636 5370 quod
1649 5316 1814 5360 orthodoxae
1825 5315 1906 5370 Fidei,
1915 5317 2028 5362 eximiae
2039 5317 2090 5374 pie·

1343 5383 1400 5438 inti,
1416 5383 1490 5428 bunis
1506 5381 1622 5427 moribus
1642 5389 1800 5438 exactaeque
1815 5385 1936 5428 instituti
1952 5386 2089 5430 Monostici

1341 5451 1525 5496 observantiae
1540 5449 1707 5500 adversetur:
1723 5448 1915 5506 existimamus,
1931 5463 1975 5496 eas
1989 5457 2090 5508 apiosto-

1342 5517 1401 5562 licis
1421 5517 1509 5562 literis
1531 5517 1557 5562 in
1579 5517 1663 5562 forma
1684 5518 1773 5561 Brevis
1795 5520 1914 5564 munitas
1935 5519 2089 5564 confirmari

1342 5597 1425 5642 posse,
1440 5595 1470 5630 ac
1486 5583 1555 5641 typis
1577 5584 1658 5629 etiam
1678 5587 1703 5628 S·
1719 5585 1936 5640 congregationis
1951 5585 1983 5630 de
1997 5589 2089 5642 l‘ropn·

1342 5653 1428 5709 gairda
1443 5652 1505 5696 Fide
1520 5651 1648 5708 evulgari.

1314 5754 1316 5771 ,
1382 5723 1475 5765 batum
1498 5723 1606 5774 Romae,
1625 5729 1655 5764 ex
1671 5719 1780 5764 aedibus
1801 5721 1901 5764 nostris
1920 5717 1961 5764 dle
1977 5732 2039 5765 xvir.
2054 5717 2090 5765 la·

1342 5786 1430 5834 rruarii
1445 5798 1514 5833 anno
1528 5786 1628 5832 domini
1644 5797 1800 5832 nnccxxxn.

1661 5909 1688 5950 Ν.
1704 5904 1851 5950 cardinalis
1867 5909 1982 5950 Sermusa

1713 5991 1741 6031 v.
1756 5987 1903 6034 cardinalis
1918 5991 2016 6034 Perna.
