4814 6998
812 593 1002 640 TEAGTATUS
1024 593 1081 640 SEU
1103 594 1320 642 CONCOBDATA

293 713 351 774 bus
372 713 548 784 3333113313,
571 713 646 774 31133
668 713 781 774 1131333
813 711 846 772 13
879 711 1039 788 praedicto

294 806 509 868 instrumento
537 806 722 884 descriptas,
756 805 934 883 respective
966 803 1041 864 assi·

294 899 434 976 guandas
455 901 669 962 decernimus.

303 1008 307 1019 ¹
332 995 350 1068 5
376 993 420 1054 l8.
436 993 603 1056 antedicto
618 993 751 1070 insuper
765 991 871 1055 loanni
885 991 1042 1068 Baptistae

295 1088 447 1165 Episcopo
469 1087 679 1163 iniungimus,
704 1093 738 1148 ut
753 1085 1042 1148 animaruvn'curae

294 1182 325 1242 iu
342 1179 585 1258 metropolitana
601 1188 632 1241 et
646 1179 881 1242 cathedralibus
897 1178 1041 1241 ecclesiis

293 1282 473 1352 opportune
495 1273 648 1344 consulat,
671 1280 851 1350 statuatque
879 1289 895 1333 3
925 1271 1041 1349 quibus

295 1367 502 1447 presbyteris,
537 1368 667 1444 praevio
699 1382 868 1438 concursu,
899 1367 935 1428 ad
969 1381 1043 1428 nor-

294 1477 376 1522 mam
406 1461 630 1522 canonicarum
663 1461 875 1531 sanctionum,
899 1479 914 1521 3
936 1475 1042 1537 respe-

292 1555 376 1616 ctivo
397 1551 563 1616 Ordinario
585 1554 796 1632 adprobandis
821 1571 855 1615 ac
880 1553 1042 1614 instruen-

293 1649 351 1720 dis,
375 1655 403 1710 et
427 1662 489 1725 qua
510 1663 583 1709 teum
604 1663 746 1725 congrua
761 1647 922 1710 dotatione
938 1648 970 1708 in
986 1647 1042 1707 Ec·

292 1741 396 1804 3133113
418 1742 493 1820 ipsis
515 1742 629 1804 debeat
651 1742 814 1816 exerceri3
838 1747 938 1817 utque
961 1741 1042 1802 desi-

293 1845 370 1912 gnet
391 1837 422 1897 in
445 1837 529 1913 quod
553 1836 763 1898 seminarium
787 1835 969 1912 provinciae
994 1851 1041 1896 ec·

291 1927 483 1992 clesiasticae
505 1928 728 2006 Briburgensis
751 1927 859 1990 clerici
887 1927 1042 1989 dioecesis

293 2021 536 2098 Limburgensis
563 2023 661 2101 recipi
691 2021 836 2092 valeant,
866 2036 940 2082 cum
969 2021 1043 2082 assi-

293 2117 442 2192 gnatione
458 2131 561 2176 annua
576 2115 833 2193 supradictorum
851 2113 939 2176 mille
951 2114 1042 2190 quin·

292 2215 463 2284 geutorum
497 2208 696 2270 florenorum
730 2222 833 2284 usque
865 2208 942 2269 dum
970 2222 1042 2283 pro-

292 2301 397 2380 prium
414 2301 646 2378 Limburgense
660 2302 868 2364 seminarium
885 2301 1040 2377 erigatur;

290 2404 385 2473 atque
407 2405 443 2457 ut
463 2395 602 2458 ulterius
627 2410 786 2456 summam
809 2395 1004 2457 determinet
1025 2413 1041 2456 3

291 2491 478 2568 respectivis
494 2489 690 2567 principibus
704 2487 950 2551 territorialibus
967 2488 1040 2550 sub-

291 2585 544 2656 ministrandam,
569 2598 630 2660 qua
652 2583 751 2644 divini
767 2581 872 2644 cultus
889 2581 1041 2660 impensis

290 2680 322 2741 in
338 2680 517 2757 suppressis
531 2687 592 2740 tant
609 2677 779 2756 episcopali
790 2676 1039 2748 Constantiettsi,

290 2788 385 2850 quam
419 2773 658 2851 praepositurali
691 2771 858 2833 Elvacensi
890 2769 1039 2832 Ecclesiis

290 2873 471 2945 opportune
502 2883 536 2928 ac
568 2865 724 2928 stabiliter
747 2864 975 2942 provideatur;
1005 2881 1039 2926 ac

289 2963 421 3023 demum
444 2967 546 3032 curet,
569 2961 654 3037 quod
683 2973 932 3037 suppressorum
959 2959 1040 3036 capi·

292 3054 434 3116 tulorum
449 3061 519 3116 actu
536 3053 749 3116 existentibus
765 3051 923 3114 canonicis
936 3067 1040 3114 annua

290 3148 460 3225 praestatio
482 3148 518 3209 ad
542 3163 655 3210 eorum
678 3146 777 3208 vitam
799 3147 927 3222 integre
950 3163 983 3207 ac
1006 3146 1040 3207 11-

290 3242 406 3304 deliter
429 3241 642 3319 persolvatur.

328 3339 347 3412 5
371 3335 418 3398 19.
436 3336 482 3398 ad
501 3335 735 3398 consulendum
753 3342 916 3413 praeterea
933 3351 1040 3413 respe-

289 3429 449 3492 ctivorum
472 3429 734 3492 dioecesanorum
751 3430 835 3493 bono
851 3435 883 3490 et
897 3444 1040 3491 commo-

289 3521 377 3586 ditati
400 3522 659 3602 praescribimus,
682 3533 718 3584 ut
739 3523 845 3585 omnia
867 3529 899 3585 et
913 3522 1039 3600 singula

289 3617 479 3680 documenta
502 3618 704 3695 respicientia
727 3617 886 3696 paroecias
913 3623 945 3678 et
973 3617 1039 3678 loca

289 3711 327 3772 ab
348 3711 487 3788 antiquis
509 3711 707 3775 dioecesibus
729 3711 966 3782 dismembrata,
983 3727 1038 3772 no-

290 3804 404 3881 visque
426 3803 587 3882 applicata,
611 3822 627 3866 3
649 3804 813 3866 veteribus
845 3804 1041 3866 cancellariis

290 3899 511 3970 extrahantur,
535 3905 630 3975 atque
653 3905 832 3976 opportuna
854 3897 957 3960 lorma
980 3906 1040 3959 tra·

291 3992 406 4054 dantur
438 3992 530 4054 novis
561 3991 821 4070 archiepiscopali
853 3999 885 4052 et
919 3992 1040 4068 episco-

290 4086 413 4164 palibus
435 4086 615 4163 respective
638 4085 843 4156 cancellariis,
868 4085 900 4146 in
924 4086 1040 4162 quibus

290 4187 448 4259 perpetuo
469 4187 567 4241 erunt
588 4179 787 4241 asservando.

330 4277 349 4349 5
376 4271 426 4335 to.
454 4273 563 4334 Habita
588 4287 667 4335 vero
699 4273 822 4335 ratione
854 4273 1039 4336 reddituum

288 4383 384 4445 supra
399 4366 583 4428 memoratis
598 4366 857 4444 archiepiscopali
873 4375 906 4430 et
921 4369 1041 4444 episco-

290 4460 413 4538 palibus
436 4460 577 4526 ecclesiis
600 4461 779 4539 respective
804 4463 1039 4538 assignatorum

290 4555 322 4615 in
345 4553 434 4616 libris
456 4569 601 4616 camerae
631 4553 839 4632 Apostolicae,
870 4563 966 4632 prout
993 4571 1042 4616 se·

290 4649 411 4725 quitur,
439 4663 557 4726 nempe
583 4647 755 4711 Ecclesiam
789 4649 1038 4727 Eribmgensem

290 4741 322 4804 in
337 4743 468 4806 tlorenis
490 4749 679 4805 sexcentum
695 4745 858 4819 sexaginta
882 4749 952 4804 octo
967 4759 1040 4804 cum

290 4853 355 4900 uno
377 4837 484 4908 tertio,
508 4837 680 4898 Ecclesiam
699 4835 918 4912 bioguntinam
939 4837 1042 4898 13113-

291 4932 377 4993 renis
410 4937 589 4992 tercentum
623 4929 830 5006 qnadraginta
862 4937 932 4992 octo
967 4945 1040 4992 cum

292 5039 357 5086 uno
378 5031 481 5094 sexto,
514 5022 679 5084 ecclesiam
709 5022 902 5085 Fuldensem
933 5025 965 5086 in
987 5024 1042 5086 llo·

291 5117 377 5178 renis
402 5123 581 5178 tercentum
606 5117 734 5193 triginta
764 5117 902 5188 duobus,
936 5118 1042 5180 Eccle-

290 5211 368 5270 siam
383 5209 701 5286 Bottenburgensem
717 5211 750 5271 in
763 5211 892 5273 tlorenis
904 5219 1041 5288 quatuor

289 5313 419 5366 centum
442 5305 625 5380 nonaginta,
650 5313 682 5366 et
703 5303 876 5366 Ecclesiam
893 5306 1040 5367 limbur-

290 5413 424 5476 gensem
437 5399 469 5460 in
483 5399 612 5459 florenis
626 5405 805 5461 tercentum
822 5400 951 5475 triginta
964 5399 1042 5461 duo-

291 5493 360 5564 bus,
386 5493 484 5553 taxari
507 5481 706 5554 mandamus.

330 5587 348 5660 5
370 5587 421 5648 st.
446 5585 550 5663 atque
572 5595 608 5648 ut
629 5596 740 5649 cuncta
762 5607 777 5650 a
800 5589 901 5661 nobis,
927 5597 961 5650 ut
990 5605 1041 5650 su·

294 5695 359 5757 pra,
384 5680 547 5758 disposita,
572 5681 633 5742 rite
655 5681 691 5741 311
719 5681 839 5742 31111331
869 5683 1042 5759 perducan-

292 5782 354 5844 tur,
378 5774 561 5852 supradicto
582 5773 691 5836 loanni
713 5773 869 5852 Baptistae
886 5775 1040 5854 Episcopo

290 5867 465 5938 Evariensi,
477 5868 590 5928 ltarum
603 5867 769 5929 liturarum
783 5871 974 5945 exequutori
986 5871 1039 5931 de-

290 5970 410 6040 putato,
435 5977 546 6023 omnes
568 5967 601 6024 et
621 5961 762 6039 singulas
784 5963 820 6024 ad
854 5963 1040 6026 huiusmodi

1773 579 1832 644 293

1096 709 1246 772 effectum
1270 714 1461 774 necessarias
1482 721 1514 774 et
1543 721 1739 792 opportunas
1775 731 1850 776 con-

1097 804 1241 866 cedimus
1257 804 1432 878 lacnltates,
1447 814 1492 878 ut,
1508 808 1644 885 praeviis
1660 809 1849 886 respectivis

1098 897 1325 970 dolationibus,
1350 914 1408 977 per
1435 900 1650 964 instrumenta
1683 903 1715 962 in
1748 901 1850 964 valida

1098 991 1303 1054 diversorum
1329 999 1470 1055 statuum
1494 994 1597 1056 iorma
1618 996 1786 1067 exaranda,
1810 997 1846 1059 ad

1098 1083 1352 1162 uniuscuiusque
1384 1086 1536 1149 ecclesiae
1568 1103 1642 1151 cum
1674 1103 1734 1151 suo
1770 1091 1849 1168 capi-

1100 1177 1167 1239 tulo
1199 1179 1267 1240 sive
1298 1180 1515 1254 erectionem,
1545 1182 1613 1243 sive
1650 1197 1765 1244 novam
1801 1199 1850 1246 or-

1098 1271 1306 1343 dinationem,
1331 1289 1365 1334 ac
1387 1273 1557 1352 respectivi
1581 1276 1735 1339 territorii
1766 1277 1852 1339 dioe-

1098 1365 1203 1425 cesani
1219 1366 1552 1444 circumscriptionem
1569 1370 1756 1446 procedere,
1773 1387 1849 1432 cun-

1098 1463 1211 1534 ctaque
1226 1457 1297 1530 alia,
1314 1466 1459 1538 utsupra
1475 1456 1628 1534 ordinata,
1643 1478 1800 1541 peragere
1818 1483 1851 1526 ac

1098 1557 1251 1623 statuere,
1275 1551 1420 1630 delegata
1439 1554 1499 1615 sibi
1521 1555 1692 1632 apostolica
1714 1560 1851 1620 auctori-

1087 1651 1174 1715 tate,
1198 1644 1300 1706 libere
1322 1662 1356 1706 ac
1378 1645 1463 1708 licite
1485 1647 1584 1724 possit
1606 1655 1638 1710 et
1659 1649 1780 1726 valeat3
1807 1659 1850 1712 at-

1099 1751 1161 1814 que
1177 1737 1313 1800 ulterius
1328 1738 1386 1816 ipsi
1403 1738 1511 1800 loanni
1524 1740 1679 1819 Baptistae
1692 1743 1848 1822 Episcopo

1099 1830 1280 1894 laenitatem
1304 1833 1422 1910 pariter
1450 1831 1631 1905 tribuimus,
1655 1842 1701 1907 ut,
1725 1837 1762 1898 ad
1786 1837 1850 1914 ple·

1099 1940 1172 1985 nam
1196 1941 1307 1988 rerum
1330 1927 1487 1998 omnium,
1506 1927 1538 1987 in
1560 1927 1637 1988 locis
1660 1931 1849 2006 praesertim

1099 2019 1136 2080 ab
1159 2020 1228 2080 eius
1250 2020 1422 2084 residentia
1445 2023 1587 2094 remotis,
1609 2024 1846 2098 executionem,

1100 2127 1195 2174 unam
1217 2129 1275 2175 seu
1298 2113 1407 2190 plures
1430 2129 1599 2192 personam
1622 2115 1674 2178 vel
1698 2133 1848 2194 personas

1099 2205 1131 2266 13
1153 2206 1307 2282 dignitate
1336 2207 1545 2270 ecclesiastica
1566 2209 1773 2272 constitutam
1798 2213 1847 2274 vel

1099 2299 1286 2361 constitutas
1308 2300 1533 2378 subdelegare‚
1551 2311 1584 2365 et
1600 2310 1662 2364 tarn
1678 2303 1746 2380 ipse
1762 2303 1850 2366 loan-

1100 2409 1155 2456 nes
1189 2392 1342 2470 Baptista,
1369 2410 1464 2471 quam
1494 2411 1628 2471 persona
1659 2396 1710 2458 vel
1743 2413 1851 2475 perso-

1099 2501 1158 2548 nae
1194 2488 1232 2549 ab
1268 2503 1307 2548 eo
1336 2490 1380 2550 sic
1414 2488 1654 2566 subdeleganda
1689 2492 1742 2554 vel
1778 2493 1851 2554 sub-

1099 2579 1306 2658 delegandae,
1339 2597 1437 2660 super
1466 2597 1656 2659 quacunque
1679 2585 1849 2662 oppositio-

1099 2690 1155 2746 ne,
1181 2675 1213 2736 in
1242 2681 1312 2736 actu
1342 2676 1540 2738 executionis
1563 2675 1748 2741 huiusmodi
1770 2693 1849 2757 quo-

1099 2768 1276 2831 modolibet
1297 2769 1404 2832 131333
1428 2763 1564 2842 oritura:
1585 2774 1719 2836 servatis
1742 2781 1849 2836 tamen

1098 2863 1138 2926 de
1169 2865 1239 2926 iure
1268 2865 1453 2936 servandis,
1477 2865 1572 2926 etiam
1599 2865 1782 2940 definitive,
1816 2875 1849 2930 et

1098 2973 1299 3036 quacumque
1322 2957 1533 3036 appellatione
1553 2965 1687 3032 remota,
1705 2976 1846 3037 pronun·

1098 3053 1176 3113 tiare
1199 3051 1301 3114 libere
1322 3053 1401 3113 item
1423 3068 1458 3112 ac
1486 3049 1571 3113 licite
1601 3052 1724 3130 possint
1744 3060 1777 3116 et
1798 3069 1849 3116 va-

1098 3145 1192 3215 leant,
1217 3163 1251 3207 ac
1266 3145 1401 3222 quilibet
1422 3159 1536 3206 eorum
1553 3147 1732 3222 respective
1750 3149 1851 3226 possit

1098 3245 1129 3300 et
1149 3237 1264 3301 valeat.
1288 3238 1400 3300 Eidem
1423 3253 1520 3316 porro
1547 3237 1656 3300 loanni
1690 3239 1846 3318 Baptistae

1097 3331 1252 3410 Episcopo
1274 3348 1426 3412 expresse
1448 3333 1649 3410 iniungimus
1671 3336 1847 3398 3111133113-

1098 3441 1187 3499 mus,
1221 3433 1257 3488 ut
1288 3427 1434 3505 exempla
1467 3427 1671 3504 singulorum
1704 3435 1848 3492 actorum

1098 3527 1160 3582 tam
1184 3535 1241 3598 per
1262 3536 1297 3581 se
1326 3535 1421 3597 quam
1443 3536 1500 3599 per
1528 3521 1754 3600 subdelegatos
1774 3539 1848 3586 suos

1097 3615 1130 3676 in
1159 3615 1273 3676 11311131
1304 3614 1472 3678 literarum
1495 3618 1720 3679 executionem
1753 3619 1850 3680 contl-

1097 3709 1283 3771 ciendorum
1308 3710 1390 3771 intra
1412 3709 1648 3788 quadrimestre
1669 3712 1707 3774 ab
1723 3712 1849 3791 expleta

1097 3803 1239 3880 ipsarum
1252 3803 1442 3866 executione
1454 3804 1490 3865 ad
1504 3803 1717 3881 apostolicam
1731 3803 1847 3869 Sedem

1099 3897 1130 3958 in
1151 3896 1333 3958 authentica
1355 3895 1457 3958 iorma
1479 3897 1682 3970 transmittat,
1699 3898 1732 3959 in
1747 3899 1847 3961 313111-

1098 3990 1150 4053 vio
1183 3990 1361 4067 praedictae
1395 3989 1663 4068 congregationis
1695 3993 1849 4056 consisto·

1098 4083 1184 4145 rialis
1206 4083 1246 4145 de
1268 4099 1360 4146 more
1385 4085 1585 4147 asservanda.

1138 4180 1156 4253 5
1185 4179 1235 4238 22.
1264 4177 1451 4240 Praesentes
1479 4185 1587 4240 autem
1616 4178 1724 4242 literas
1754 4187 1785 4242 et
1816 4179 1849 4242 in

1098 4272 1142 4332 eis
1158 4278 1307 4333 contenta
1326 4287 1360 4332 ac
1374 4277 1489 4334 statuta
1505 4286 1740 4350 quaecumque,
1754 4273 1848 4336 etiam

1099 4380 1138 4425 ex
1161 4381 1212 4437 eo,
1236 4366 1320 4442 quod
1350 4364 1486 4442 quilibet
1517 4368 1550 4428 in
1578 4366 1769 4445 praemissis,
1797 4367 1849 4430 vel

1099 4474 1211 4522 eorum
1235 4459 1353 4537 aliquo,
1370 4460 1420 4521 ius
1439 4467 1492 4521 aut
1507 4461 1665 4523 interesse
1682 4460 1847 4534 habentes,

1098 4553 1150 4615 vel
1172 4552 1416 4631 quomodolibet
1438 4553 1533 4614 etiam
1557 4554 1588 4615 in
1619 4554 1766 4618 futurum
1797 4555 1848 4618 lra-

1100 4648 1176 4710 bere
1199 4646 1458 4725 praetendentes,
1475 4647 1615 4708 cuiusvis
1636 4655 1748 4721 status,
1766 4649 1848 4712 ordi·

1099 4743 1166 4814 nis,
1202 4741 1392 4803 conditionis
1427 4747 1459 4802 et
1490 4742 1781 4818 praeeminentiae,
1815 4761 1850 4807 ac

1098 4835 1225 4914 speciali
1247 4850 1387 4912 quoque,
1411 4834 1567 4912 specifica,
1586 4850 1736 4912 expressa
1756 4844 1788 4900 et
1802 4838 1849 4900 in·

1100 4929 1226 4994 dividua
1243 4929 1408 4992 mentione
1423 4928 1511 5004 digni
1527 4929 1602 5001 sint,
1620 4929 1683 4993 illis
1698 4947 1763 4994 non
1775 4949 1848 4994 con·

1100 5023 1272 5091 senserint,
1305 5037 1362 5082 seu
1395 5020 1479 5097 quod
1512 5021 1610 5099 aliqui
1639 5039 1678 5084 ex
1707 5024 1783 5100 ipsis
1812 5025 1848 5086 ad

1100 5116 1272 5194 praemissa
1294 5113 1429 5178 minime
1452 5117 1565 5186 vocati,
1588 5116 1640 5178 vel
1663 5117 1759 5178 etiarn
1784 5132 1848 5178 non

1100 5209 1172 5270 satis
1201 5214 1255 5270 aut
1283 5208 1462 5272 nullimode
1492 5210 1590 5272 auditi
1619 5209 1750 5282 luerint,
1780 5211 1848 5274 sire

1100 5303 1220 5366 exalia
1246 5303 1388 5382 qualibet
1415 5305 1565 5376 iuridica,
1592 5303 1793 5382 privilegiata
1816 5321 1849 5367 ac

1100 5397 1390 5475 privilegiatissima
1411 5415 1512 5469 causa,
1529 5397 1650 5470 colore,
1668 5405 1847 5475 praetextu,

1099 5498 1131 5554 et
1153 5492 1265 5570 capite,
1291 5493 1386 5555 etiarn
1413 5493 1446 5554 13
1470 5507 1606 5569 corpore
1628 5492 1706 5553 iuris
1728 5491 1846 5569 clauso,

1100 5585 1189 5647 nullo
1231 5601 1374 5662 unquam
1412 5594 1558 5664 tempore
1595 5587 1633 5648 de
1668 5587 1848 5664 subreptio-

1099 5680 1148 5740 nis
1180 5678 1232 5741 vel
1263 5679 1461 5756 obreptionis
1489 5687 1544 5740 aut
1573 5679 1728 5742 nullitatis
1758 5681 1847 5752 vitio,

1099 5789 1155 5834 seu
1178 5773 1368 5834 intentionis
1392 5781 1520 5835 nostrae
1542 5781 1596 5836 aut
1616 5774 1773 5837 interesse
1796 5775 1848 5836 113-

1099 5867 1242 5928 bantium
1275 5883 1451 5928 consensus
1483 5867 1586 5929 aliove
1619 5867 1764 5944 quolibet
1793 5870 1846 5932 de-

1098 5963 1182 6028 lectu
1209 5963 1416 6040 quantumvis
1439 5977 1555 6039 magno
1578 5971 1608 6026 et
1635 5964 1846 6038 substantiali,
