4814 6998
861 571 1054 622 TRACTATUS
1075 573 1133 621 SEU
1155 575 1369 624 CONCORMTA

323 695 424 760 civilis
437 697 642 775 magistratus
654 713 786 760 omnem
802 711 896 774 opem
909 693 1078 757 auxilium-

324 804 387 865 que
402 789 497 862 feret,
515 797 551 851 ut
565 789 746 876 sententiae
761 807 796 851 ac
812 803 934 866 poenae
950 787 987 848 ab
1003 785 1080 863 ipsis

323 883 483 945 iudicibus
505 883 586 945 latae
609 883 826 946 observentur
848 891 880 946 et
895 881 1080 944 executioni

325 978 531 1040 mandentur.
554 977 674 1040 Causae
697 977 807 1038 civiles
830 983 862 1037 et
883 975 1078 1047 criminales,

324 1071 364 1132 de
379 1071 497 1148 quibus
512 1073 545 1133 in
562 1071 622 1133 boc
636 1069 772 1134 articulo
788 1085 896 1132 sermo
913 1075 971 1141 est,
986 1083 1081 1145 quae-

325 1181 388 1244 que
414 1167 447 1228 iu
478 1182 630 1244 praesens
658 1166 836 1244 pendentes
868 1164 971 1226 adbuc
993 1171 1079 1234 sunt,

324 1260 360 1322 ad
385 1260 506 1322 indices
522 1261 604 1321 etad
629 1259 799 1322 tribunalia
822 1259 882 1320 boc
902 1258 1015 1320 eodem
1034 1274 1082 1319 ar-

329 1353 427 1417 ticulo
449 1361 564 1415 statuta
596 1353 800 1425 deferentur,
816 1353 849 1414 in
870 1353 1014 1429 qualibet
1035 1353 1082 1414 in·

326 1448 441 1510 stantia
462 1455 517 1508 aut
536 1455 619 1510 statu
643 1447 859 1524 reperiantur.

367 1543 434 1604 Art.
459 1541 511 1604 lX.
537 1541 649 1604 Sancta
666 1542 766 1604 Sedes
782 1543 941 1621 permittit
961 1551 996 1606 ut
1010 1558 1081 1620 per-

326 1651 423 1698 sonae
455 1642 488 1708 et
516 1635 727 1698 ecelesiastica
760 1636 842 1698 bona
872 1636 1082 1698 subiicientur

327 1730 463 1810 publicis
495 1729 707 1808 vectigalibus
735 1731 836 1793 veluti
866 1730 1083 1793 subiiciuntur

329 1839 484 1903 personae
507 1832 538 1886 et
560 1823 642 1886 bona
663 1823 801 1886 aliorum
824 1825 943 1886 civium
960 1824 1083 1901 Aequa-

330 1919 419 1980 toris.
450 1917 560 1980 Civilis
592 1919 761 1980 auctoritas
794 1919 830 1980 ad
863 1919 1081 1990 coactionem,

330 2028 402 2074 cum
427 2029 462 2074 ea
485 2011 663 2074 necessaria
684 2011 800 2084 fuerit,
825 2013 1000 2090 procedere
1030 2031 1084 2076 ne·

331 2107 413 2184 quit,
436 2106 497 2168 nisi
514 2112 684 2184 postquam
700 2123 773 2169 cum
797 2107 1008 2170 ecclesiastica
1030 2125 1083 2170 au-

330 2201 477 2264 ctoritate
503 2217 573 2262 rem
600 2215 796 2279 componere
828 2203 1001 2264 curaverit.
1036 2202 1083 2264 Ab

329 2294 517 2358 huiusmodi
539 2293 750 2370 vectigalibus
772 2295 962 2356 eximuntur
989 2297 1084 2357 semi-

330 2390 435 2460 naria,
459 2388 541 2450 bona
571 2395 603 2450 et
624 2403 676 2449 res
699 2388 809 2450 divino
841 2388 942 2450 cultui
971 2389 1084 2452 imme-

331 2484 413 2546 diate
428 2482 615 2554 destinatae,
633 2489 665 2544 et
680 2482 911 2544 beneficentiae
926 2483 1082 2546 instituta.

343 2655 346 2663 Ι
371 2577 440 2639 llrt.
464 2577 502 2638 ll.
526 2575 568 2638 Ut
590 2576 769 2637 honoretur
791 2575 907 2638 domus
928 2576 1005 2648 Ilei,
1030 2578 1085 2655 qui

331 2679 380 2734 est
393 2671 462 2733 Rex
478 2685 594 2747 regum
618 2676 649 2731 et
664 2669 819 2732 Dominus
835 2669 1083 2744 dominantium,

330 2780 496 2827 sacrorum
519 2764 718 2842 templorum
737 2765 924 2827 immunitas
945 2767 1086 2829 servabi-

331 2866 384 2922 tur
406 2860 440 2920 in
456 2863 612 2936 quantum
629 2858 659 2920 id
679 2857 804 2936 publica
819 2861 974 2922 securitas
990 2869 1022 2924 et
1037 2877 1083 2934 ea,

331 2968 413 3030 quae
434 2951 554 3013 iustitia
576 2952 687 3028 exigit,
712 2953 782 3014 fieri
804 2955 920 3026 sinant,
943 2961 1038 3031 atque
1053 2956 1086 3016 in

333 3048 394 3110 boc
416 3061 489 3109 casu
507 3045 619 3108 Sancta
635 3044 733 3108 Sedes
755 3048 915 3108 consentit
930 3053 966 3109 nt
979 3056 1086 3112 aucto-

332 3141 408 3202 ritas
431 3140 654 3211 eooleslastica,
678 3141 807 3217 parochi
830 3157 975 3204 necnon
998 3159 1087 3220 prae-

332 3235 387 3297 lati
418 3235 590 3298 domorum
622 3233 844 3310 regularium,
869 3234 906 3295 ad
932 3235 1086 3298 Gubernii

334 3329 523 3406 petitionem
548 3327 690 3390 tribuant
712 3329 850 3400 veniam,
867 3337 904 3390 ut
918 3330 1086 3392 extraban-

335 3429 387 3484 tur
408 3423 462 3499 qui
485 3423 521 3484 ad
545 3427 667 3484 sanctas
688 3422 783 3484 aedes
809 3422 1027 3500 confugerint.

375 3515 445 3578 Art.
478 3515 530 3576 lll.
564 3513 645 3578 Cum
678 3515 876 3578 decimarum
910 3525 1087 3595 proventus

335 3609 512 3672 destinatus
534 3609 576 3670 sit
597 3609 634 3670 ad
657 3608 804 3671 divinum
827 3609 950 3673 cultum
977 3611 1087 3675 foven-

335 3703 412 3765 dum
427 3717 599 3779 sacrosque
614 3703 778 3764 ministros
799 3703 942 3778 alendos,
966 3706 1088 3784 Aequa—

336 3796 413 3858 toris
435 3795 636 3859 Gubernium
664 3797 761 3858 fldem
794 3813 885 3860 suam
916 3799 1090 3877 obstringit

334 3891 371 3952 ad
395 3889 585 3952 servandam
608 3889 640 3951 in
663 3889 835 3968 Republica
859 3892 938 3956 banc
959 3893 1089 3956 catholi-

278 3997 279 4000 ’
335 4001 403 4047 cam
416 3983 665 4054 institutionem,
679 3986 872 4060 usquedum
885 3988 1088 4064 possitaliam

335 4077 609 4142 contributionem
625 4077 730 4143 eidem
745 4079 953 4151 substituere,
967 4081 1089 4143 collatis

336 4189 409 4236 cum
426 4171 458 4234 S.
473 4171 556 4234 Sede
571 4171 723 4234 consiliis.
740 4174 872 4235 Interim
888 4174 1002 4252 vigere
1017 4192 1088 4253 pcr-

337 4275 392 4344 get
419 4265 453 4327 in
478 4265 651 4342 Republica
672 4268 846 4328 conventio
871 4266 955 4341 Quiti
985 4269 1089 4332 tabita

337 4360 388 4422 die
417 4376 484 4422 xxx
516 4359 710 4436 septembris
737 4376 907 4423 unoccuxv
932 4363 1018 4424 inter
1040 4380 1090 4426 re·

338 4455 499 4532 spectivos
521 4451 821 4531 plenipotentiarios
844 4461 939 4531 atque
962 4455 1089 4519 aSum-

339 4563 392 4610 mo
406 4547 560 4610 Pontiflce
579 4555 611 4610 et
625 4547 712 4608 civili
727 4546 918 4625 Aequatoris
933 4557 1089 4628 potestate

337 4640 519 4720 approbata.

379 4736 447 4798 Art.
471 4733 537 4795 llll.
561 4733 609 4795 Rs
631 4734 663 4794 vi
682 4740 867 4810 patronatus
890 4735 980 4808 iuris,
1004 4737 1089 4814 quod

340 4828 493 4891 Summus
512 4826 660 4890 Pontifex
681 4828 885 4906 Reipublicae
901 4830 1091 4908 Aequatoris

339 4918 479 4981 Praesidi
501 4917 569 4980 sive
591 4918 738 4995 legitimo
771 4919 976 4998 Reipublicae
999 4923 1091 5000 capiti

339 5013 496 5084 concedit,
522 5011 573 5074 bic
595 5013 627 5074 in
650 5013 793 5089 qualibet
814 5015 1011 5077 dioecesium
1034 5016 1093 5078 rte·

339 5106 482 5184 quateris
515 5113 547 5168 et
576 5105 711 5168 aliarum
744 5121 824 5184 quae
856 5109 890 5169 in
922 5108 1094 5187 Republica

340 5201 519 5278 erigantur,
537 5200 702 5262 vacatione
724 5201 941 5278 praesentabit
963 5203 995 5264 S.
1020 5202 1093 5265 Sedl

339 5295 426 5356 viros
449 5293 680 5356 ecclesiasticos
703 5294 817 5372 dignos
840 5303 872 5357 et
893 5295 1026 5358 idoneos
1047 5298 1094 5358 iu-

340 5393 393 5450 xta
407 5402 573 5450 sacrorum
588 5402 748 5451 canonum
772 5404 931 5461 normam,
948 5397 984 5450 ut
1002 5387 1095 5452 Sum-

342 5497 414 5544 mus
437 5480 583 5544 Pontifex
599 5481 644 5544 eis
659 5483 897 5547 institutionem
912 5484 1095 5547 canonicam

342 5574 486 5638 conferat
506 5575 594 5637 iuxta
621 5575 759 5638 formam
782 5583 814 5638 et
842 5577 990 5655 regulam
1011 5595 1028 5640 a
1050 5595 1096 5640 sa-

343 5669 405 5732 cris
421 5669 596 5732 canonibus
616 5671 855 5750 praescriptam.
879 5671 1038 5750 Propositi
1055 5681 1096 5734 ta-

343 5781 420 5827 men
435 5763 527 5827 nullo
542 5765 639 5828 modo
654 5771 808 5844 poterunt
827 5783 898 5828 sese
914 5769 1097 5830 immiscere

344 5859 497 5936 regimini
512 5867 544 5921 et
559 5859 828 5924 administrationi
849 5861 1045 5924 dioecesium
1060 5862 1097 5924 ad

346 5967 425 6029 quas
446 5962 685 6032 proponuntur,
709 5955 788 6032 quin
811 5955 950 6033 primum
975 5961 1098 6033 aposto·

454 6104 516 6145 fur.
533 6105 609 6146 Pont.
625 6105 657 6146 de
673 6102 932 6154 praemiseramus
948 6105 966 6145 1.
982 6101 1034 6146 vol.
1052 6104 1103 6144 vll.

1813 555 1871 624 337

1135 691 1210 754 ficas
1232 693 1354 758 litteras
1376 695 1416 758 de
1437 695 1587 756 canonica
1608 693 1811 756 institutione
1834 693 1890 756 ob-

1136 785 1295 848 tinuerint
1317 788 1405 848 iuxta
1428 787 1696 866 praescriptiones
1725 803 1890 849 sacrorum

1136 897 1307 942 canonum.
1324 881 1528 959 Reipublicae
1541 881 1672 943 Praeses
1688 879 1891 942 candidatum

1137 975 1352 1052 praesentabit
1362 977 1445 1038 iutra
1460 992 1581 1039 annum
1593 993 1609 1038 a
1620 975 1784 1037 vacatione
1794 973 1890 1036 sedis.

1136 1066 1225 1141 Quod
1248 1069 1310 1130 nisi
1334 1069 1540 1146 praestiterit,
1558 1070 1674 1133 electio
1691 1067 1723 1131 S.
1742 1067 1816 1132 Sedi
1838 1069 1891 1130 de·

1137 1161 1301 1226 volvetur.

1177 1256 1245 1317 brt.
1264 1256 1341 1318 Xlll.
1357 1256 1512 1320 Sanctitas
1534 1257 1595 1321 Sua
1611 1257 1816 1336 Reipublicae
1832 1256 1893 1318 Ae·

1137 1351 1280 1426 quateris
1313 1351 1452 1414 Praesidi
1483 1352 1666 1416 facultatem
1699 1352 1818 1429 pariter
1847 1350 1894 1412 in-

1138 1443 1252 1521 dulget
1273 1445 1460 1508 nominandi
1476 1446 1591 1524 dignos
1610 1445 1841 1509 ecclesiasticos
1856 1444 1894 1506 ad

1138 1538 1268 1616 capituli
1290 1539 1481 1602 cathedralis
1504 1541 1712 1618 praebendas,
1736 1539 1805 1602 sive
1831 1540 1896 1601 sint

1139 1633 1323 1709 dignitates,
1347 1634 1416 1695 sive
1448 1635 1662 1705 canonicatus,
1686 1636 1755 1696 sive
1776 1633 1895 1712 portio·

1139 1743 1208 1800 nes,
1226 1735 1358 1806 excepta
1374 1735 1481 1790 tamen
1504 1728 1607 1806 prima
1630 1727 1796 1805 dignitate,
1813 1742 1895 1806 quae

1140 1821 1172 1884 S.
1197 1821 1287 1885 Sedis
1310 1821 1430 1884 liberae
1453 1821 1612 1884 collationi
1639 1829 1802 1886 reservata
1820 1822 1894 1893 erit,

1140 1923 1173 1978 et
1194 1916 1336 1994 exceptis
1360 1924 1455 1978 etiam
1487 1915 1548 1978 illis
1578 1916 1769 1994 praebendis
1801 1930 1893 1992 qnae,

1140 2010 1297 2074 examinis
1319 2027 1377 2074 seu
1400 2027 1575 2074 concursus
1596 2011 1662 2087 legi
1685 2009 1820 2072 minime
1842 2009 1896 2072 ob·

1141 2107 1265 2176 noxiae,
1299 2105 1425 2176 martio,
1449 2105 1549 2178 iunio,
1581 2104 1759 2184 septembri
1790 2111 1823 2166 et
1843 2104 1897 2166 de·

1141 2198 1264 2261 cembri
1287 2198 1453 2260 mensibus
1475 2199 1670 2270 vacaverint,
1690 2213 1838 2275 quaeque
1860 2197 1896 2259 li·

1141 2291 1219 2354 bere
1252 2291 1289 2353 ab
1311 2292 1476 2370 Episcopis
1509 2293 1718 2355 conferentur
1750 2289 1897 2370 personis

1141 2401 1223 2462 quae
1244 2385 1408 2448 Gubernio
1430 2385 1621 2463 probentur,
1643 2385 1735 2448 ouius
1757 2385 1820 2447 erit
1841 2399 1897 2446 no·

1142 2479 1278 2541 minatos
1302 2479 1436 2542 relicere
1459 2479 1499 2540 ob
1522 2478 1664 2556 politicas
1686 2479 1828 2540 rationes
1847 2494 1897 2540 re·

1142 2572 1291 2651 spectivis
1306 2570 1482 2635 Ordinariis
1498 2573 1789 2636 communicandas.
1806 2572 1898 2634 Prae-

1142 2667 1245 2730 beuda
1266 2667 1449 2739 doctoralis,
1477 2668 1722 2744 poenitentiaria
1745 2675 1778 2730 et
1798 2666 1897 2744 magi·

1142 2763 1247 2826 stralis
1276 2771 1309 2823 et
1336 2761 1415 2824 aliae
1447 2762 1602 2822 examinis
1634 2778 1691 2823 seu
1723 2777 1897 2826 concursus

1142 2857 1208 2934 legi
1227 2857 1388 2920 subiectae
1404 2856 1471 2933 pari
1487 2855 1583 2917 modo
1598 2856 1637 2919 ab
1652 2855 1816 2934 Episcopis
1831 2861 1898 2918 tan·

1144 2958 1212 3013 tum
1242 2950 1469 3022 conferentur,
1500 2957 1669 3027 postquam
1699 2965 1835 3012 examen
1866 2955 1899 3012 et

1144 3046 1307 3108 doetrinae
1330 3043 1510 3121 periculum
1540 3043 1658 3105 factum
1690 3043 1790 3106 fuerit
1810 3043 1898 3106 iuxta

1143 3141 1307 3203 canonicas
1328 3138 1520 3200 sanctiones.

1204 3235 1273 3296 flrt.
1297 3231 1378 3294 XlV.
1402 3231 1495 3305 Quod
1513 3232 1627 3294 attinet
1640 3233 1677 3294 ad
1694 3231 1897 3295 collationem

1145 3329 1377 3407 paroeciarum,
1401 3323 1570 3398 ordinarii,
1592 3325 1898 3404 praescriptionibus

1145 3422 1340 3486 Sacrosancti
1355 3419 1488 3483 Concilii
1510 3419 1690 3482 Tridentini
1704 3419 1896 3498 adimpletis,

1145 3516 1346 3580 exhibebunt
1370 3513 1534 3576 eabermo
1564 3521 1629 3577 tres
1657 3515 1772 3592 dignos
1798 3514 1899 3577 eccle·

1145 3611 1298 3684 siasticos‚
1316 3609 1432 3688 quibus
1448 3609 1593 3687 paroecia
1609 3609 1671 3670 erit
1692 3607 1898 3684 conferenda3

1146 3713 1178 3768 et
1199 3706 1330 3768 Praeses
1351 3703 1421 3765 sive
1449 3717 1508 3780 per
1529 3719 1564 3764 se
1586 3703 1726 3774 directe,
1750 3703 1820 3765 sive
1841 3717 1900 3780 per

1144 3815 1219 3861 suos
1240 3799 1274 3860 in
1289 3797 1470 3876 'provinciis
1485 3795 1661 3873 delegatos,
1678 3795 1780 3874 eliget
1796 3811 1899 3858 unum

1145 3910 1186 3955 er
1209 3893 1311 3954 tribus
1334 3889 1557 3954 ecclesiasticis
1579 3890 1617 3952 ab
1638 3888 1805 3953 Ordinario
1827 3905 1899 3967 pro-

1146 3987 1268 4066 positis.
1291 3985 1381 4060 Quod
1403 3986 1430 4046 si
1452 3985 1492 4046 ob
1514 3983 1692 4062 peculiares
1714 3999 1819 4046 causas
1840 3981 1901 4046 Gu-

1146 4081 1297 4145 bernium
1330 4077 1544 4157 postulaverit
1564 4086 1600 4140 ut
1630 4077 1683 4140 alii
1705 4085 1770 4140 tres
1801 4076 1901 4140 eccle·

1145 4175 1261 4237 siastici
1284 4189 1298 4234 a
1322 4171 1484 4250 prioribus
1500 4171 1620 4233 diversi
1642 4171 1703 4233 sibi
1722 4184 1901 4249 proponan-

1147 4279 1210 4345 tur,
1230 4266 1418 4331 Ordiuarius
1433 4265 1464 4328 id
1480 4263 1607 4334 efficiet,
1622 4281 1658 4326 ea
1674 4272 1780 4330 tamen
1795 4261 1902 4325 condi·

1147 4366 1245 4435 tione,
1263 4369 1300 4423 ut
1315 4359 1405 4421 nullo
1424 4373 1567 4434 unquam
1588 4358 1684 4420 modo
1703 4356 1791 4419 reiici
1806 4363 1903 4433 queat

1147 4453 1306 4517 ternarius
1329 4452 1381 4514 hic
1407 4465 1563 4512 numerus
1591 4449 1732 4512 secundo
1759 4446 1901 4527 proposi-

1147 4565 1209 4625 gns.
1238 4546 1269 4609 Si
1292 4544 1474 4608 necessario
1497 4543 1717 4622 paroeciarum
1740 4541 1901 4604 territoria

1146 4649 1244 4706 erunt
1265 4637 1448 4708 dividenda,
1467 4636 1498 4699 id
1514 4637 1552 4699 ab
1567 4636 1732 4715 Episcopis
1750 4637 1820 4698 fleri
1837 4642 1904 4714 pot-

1147 4738 1220 4807 erit,
1245 4733 1368 4799 collatis
1391 4747 1464 4796 cnm
1487 4729 1572 4794 civili
1596 4731 1742 4794 locorum
1768 4729 1904 4792 auotori-

1148 4839 1212 4893 tate
1234 4827 1389 4894 consiliis.

1189 4922 1257 4984 llrt.
1281 4920 1348 4983 XV.
1374 4918 1456 4982 Sede
1485 4927 1618 4982 vacante
1645 4917 1780 4981 alicuius
1803 4918 1903 4982 ecole-

1149 5019 1213 5080 siae
1235 5013 1436 5084 cathedralis,
1453 5012 1629 5090 capitulum
1654 5012 1799 5074 eiusdem
1821 5012 1902 5074 infra

1151 5121 1278 5190 tempus
1296 5107 1501 5187 praefinitum
1517 5106 1601 5169 etad
1617 5122 1763 5168 normam
1776 5121 1902 5179 eorum,

1150 5221 1231 5282 quae
1253 5221 1269 5265 a
1292 5203 1406 5266 Sancto
1422 5199 1565 5264 Concilio
1581 5199 1770 5262 Tridentino
1785 5200 1818 5277 in
1834 5215 1904 5263 rem

1151 5299 1278 5361 decreta
1299 5303 1386 5368 sunt,
1403 5295 1560 5357 vicarium
1575 5293 1785 5372 capitularem
1802 5293 1905 5356 libere

1151 5393 1262 5469 eliget,
1285 5391 1375 5452 ouius
1398 5389 1626 5452 nominationis
1648 5389 1760 5450 notitia
1785 5389 1822 5451 ad
1843 5388 1905 5452 Gu-

1152 5486 1303 5550 bernium
1325 5483 1509 5556 deferetur,
1533 5484 1612 5560 quin
1643 5483 1835 5547 electionem
1857 5499 1905 5545 se-

1153 5580 1218 5642 mel
1240 5578 1352 5641 factam
1375 5593 1529 5640 revocare
1554 5576 1607 5638 vel
1635 5577 1672 5639 ad
1694 5591 1811 5639 novam
1835 5593 1907 5656 pro-

1153 5673 1269 5735 cedere
1301 5671 1415 5751 possit,
1441 5671 1584 5748 qualibet
1605 5671 1679 5734 licet
1703 5673 1808 5734 veteri
1833 5688 1906 5734 con-

1152 5767 1323 5830 suetudine
1354 5766 1393 5827 de
1425 5764 1533 5826 medio
1558 5764 1701 5837 sublata,
1724 5781 1759 5828 ac
1780 5765 1907 5844 penitus

1154 5860 1280 5933 abolita,
1298 5874 1379 5936 quae
1394 5859 1427 5920 iu
1442 5859 1501 5922 bac
1516 5873 1552 5921 re
1567 5875 1731 5922 sacrorum
1748 5875 1906 5922 canonum

1155 5953 1376 6016 sanctionibus
1398 5952 1513 6029 quovis
1534 5953 1666 6014 nomine
1686 5953 1886 6016 adversetur.

1774 6103 1802 6144 te
