4814 6998
572 560 633 628 320

553 703 702 781 superius
715 711 920 774 memoratae,
935 703 1125 766 obtinendae
1137 701 1211 774 sint,
1222 717 1304 779 quae

553 795 655 860 semel
676 797 718 858 ita
739 797 930 860 constitutae
953 794 1044 857 nullo
1066 795 1161 857 modo
1187 795 1303 858 variari

556 897 716 968 poterunt.

593 985 611 1058 5
631 981 661 1044 ll.
685 983 850 1046 paroeciae
862 999 975 1046 omnes
987 983 1075 1044 iuxta
1089 980 1221 1044 Concilii
1236 983 1303 1044 Tri-

554 1077 677 1140 dentini
707 1077 896 1156 praescripta
924 1075 1134 1140 conterentur
1166 1091 1223 1153 per
1248 1093 1303 1154 pu-

554 1171 672 1234 blicum
708 1171 969 1250 experimentum
1005 1187 1062 1232 seu
1098 1186 1301 1242 concursum,

553 1279 618 1342 quo
640 1265 796 1337 absoluto,
813 1265 960 1344 Episcopi
983 1281 1023 1328 ex
1040 1265 1218 1343 approbatis
1234 1264 1303 1326 llei-

554 1359 698 1436 publicae
713 1358 854 1420 Praesidi
869 1359 1130 1436 praesentabunt,
1149 1365 1184 1420 ut
1206 1375 1246 1420 etr
1265 1359 1302 1420 iis

554 1451 725 1531 propositis
740 1467 842 1513 unum
858 1451 972 1528 seligat
991 1453 1078 1514 iuxta
1094 1467 1231 1525 morem,
1248 1452 1303 1530 qui

553 1563 569 1606 a
598 1545 765 1622 guberniis
792 1544 958 1608 Americae
986 1547 1156 1622 regionum
1188 1546 1303 1608 111111-

553 1639 676 1718 spanias
698 1639 775 1702 olim
797 1639 1030 1717 pertinentium
1053 1639 1253 1702 observatur.

593 1735 611 1810 5
633 1732 682 1795 10.
707 1733 818 1796 Sancta
841 1731 940 1795 Sedes
963 1734 1094 1812 proprio
1116 1739 1210 1795 utens
1233 1733 1303 1795 iure

554 1842 651 1890 novas
673 1826 835 1889 dioeceses
857 1826 978 1903 eriget,
1003 1843 1036 1888 ac
1058 1842 1156 1888 novas
1178 1843 1303 1888 earum·

553 1921 626 1983 dein
656 1926 788 1998 peraget
814 1919 1139 1997 circumscriptiones,
1168 1936 1240 1982 cum
1271 1921 1302 1983 id

553 2013 697 2076 bdelium
719 2014 890 2076 necessitas
905 2019 959 2074 aut
980 2013 1099 2074 utilitas
1122 2013 1302 2090 postulave-

554 2107 604 2168 rit.
629 2105 861 2169 Terumtamen
883 2106 938 2168 ubi
961 2106 991 2168 id
1013 2106 1203 2182 contigerit,
1227 2123 1300 2168 curn

552 2201 715 2262 Gubernio
737 2201 776 2263 de
795 2199 967 2275 Nicaragua
990 2198 1120 2261 consilia
1142 2198 1298 2262 conteret.

553 2295 586 2356 ln
608 2309 799 2370 unaquaque
822 2292 1009 2354 earumdem
1032 2293 1229 2354 dioecesium
1255 2294 1302 2355 in·

552 2389 703 2450 stituetur·
724 2387 951 2449 canonicorum
980 2385 1153 2464 capitulum
1177 2393 1209 2448 et
1237 2388 1301 2468 cpi-

551 2481 677 2560 scopale
708 2481 915 2544 seminarium
953 2481 1227 2544 accommodatum
1264 2482 1300 2545 ad

551 2577 628 2640 cleri
665 2575 842 2638 dioecesani
878 2591 1053 2637 numerum
1089 2582 1122 2636 et
1155 2575 1300 2652 ipsorum

552 2669 747 2732 dioecesium
777 2667 979 2745 indigentias.
1013 2669 1074 2730 Pro
1099 2669 1173 2732 dote
1198 2669 1302 2752 cuius·

552 2781 615 2842 que
630 2763 724 2835 sedis,
741 2762 870 2841 capituli
893 2769 924 2824 et
945 2762 1119 2834 seminarii,
1137 2777 1218 2839 quae
1240 2765 1301 2825 eri-

553 2857 655 2935 genda
688 2863 795 2928 erunt,
829 2871 864 2918 ea
893 2871 1005 2918 norma
1034 2856 1096 2917 erit
1125 2857 1299 2933 sequenda,

552 2965 633 3028 quae
653 2955 767 3013 statuta
789 2957 838 3012 est
861 2965 918 3028 pro
946 2949 1077 3010 ecclesia
1101 2948 1298 3028 Assumptio-

552 3041 767 3106 1111111111.
795 3043 829 3104 in
851 3042 1022 3121 Republica
1045 3043 1084 3105 de
1106 3042 1298 3120 Nicaragua,

552 3151 633 3214 quac
661 3137 901 3215 quamprimum
930 3137 1156 3198 canonicorum
1182 3137 1301 3215 capitu-

552 3229 618 3292 lum
651 3231 779 3294 babebit
813 3229 1017 3292 efformatum
1050 3229 1136 3292 iuxta
1172 3231 1300 3292 schema

550 3325 686 3388 interius
712 3324 932 3387 relerendum.
962 3323 995 3385 ln
1017 3325 1190 3386 seminario
1217 3325 1300 3386 exci-

551 3419 680 3496 pientur
702 3424 734 3479 et
755 3418 967 3479 instituentur
989 3417 1076 3478 iuxta
1092 3416 1297 3480 Tridentinae

550 3512 670 3590 synodi
692 3511 884 3590 praescripta
912 3512 933 3572 ii
958 3510 1194 3584 adolescentes,
1218 3527 1298 3588 quos

548 3605 694 3685 Episcopi
717 3621 757 3668 ex
782 3606 909 3684 propria
931 3605 1086 3668 dioecesis
1109 3606 1298 3670 necessitate

549 3700 601 3784 ¹vel
622 3699 759 3762 utilitate
777 3699 990 3762 admittendos
1006 3715 1077 3762 esse
1100 3701 1296 3763 censuerint.

548 3795 590 3856 Ea
613 3795 729 3866 omnia,
747 3811 828 3871 quae
851 3794 886 3856 ad
903 3794 1094 3856 eorumdem
1111 3794 1298 3857 seminario·

547 3903 620 3950 rum
646 3888 805 3965 regimen,
833 3888 1079 3959 ordinationem,
1106 3888 1294 3962 doctrinam,

547 3981 815 4059 gubernationem
838 3989 870 4043 et
890 3980 1200 4043 administrationem
1225 3999 1296 4060 per-

547 4075 659 4146 tinent,
683 4092 698 4136 a
721 4075 909 4136 dioecesano
931 4072 1083 4136 Antistite
1106 4075 1199 4136 unice
1221 4091 1297 4153 peu-

546 4169 623 4230 dcre
645 4168 780 4240 debent,
804 4167 971 4244 quisnam
998 4167 1131 4232 liberam
1155 4169 1296 4247 plenam·

546 4277 609 4339 que
631 4261 851 4323 auctoritatem
876 4262 978 4322 etius
1007 4262 1039 4322 in
1062 4278 1097 4324 ea
1120 4263 1294 4324 exercebit.

545 4355 698 4418 llectores
726 4369 855 4434 qnoque
877 4361 910 4416 et
931 4354 1129 4432 professores
1159 4357 1296 4420 semina·

545 4451 669 4512 riorum
684 4450 722 4512 ab
737 4449 898 4529 Episcopis
914 4448 1015 4510 libere
1031 4450 1293 4524 nominabuntur,

544 4549 577 4606 et
598 4545 866 4621 quotiescumque
897 4543 1113 4606 necessarium
1135 4544 1188 4606 vel
1216 4545 1295 4609 utile

544 4638 582 4700 ab
604 4637 679 4715 ipsis
702 4637 905 4710 iudicabitur,
930 4638 1198 4700 removebuntur.

584 4731 673 4807 5ll.
701 4729 781 4792 ltcm
813 4731 846 4791 in
876 4730 1013 4808 singulis
1046 4732 1246 4796 dioecesibus
1279 4755 1295 4796 a

544 4826 681 4904 propriis
710 4823 885 4887 Ordinariis
916 4838 1017 4886 norae
1047 4823 1215 4900 erigentur
1244 4843 1294 4905 pa·

544 4919 679 4992 roeciae,
713 4935 786 4982 cum
819 4921 850 4982 id
883 4920 1027 4982 lldclium
1060 4919 1233 4983 necessitas
1263 4929 1295 4983 et

544 5013 663 5076 utilitas
690 5015 844 5091 requirat,
875 5020 970 5092 atque
999 5013 1031 5075 in
1057 5013 1113 5074 lrac
1139 5029 1174 5074 re
1200 5015 1294 5092 perli-

543 5107 653 5170 cienda
675 5123 748 5170 cum
765 5108 929 5171 Gubernio
944 5115 1042 5170 erunt
1063 5109 1201 5172 ineunda
1220 5125 1293 5172 con-

542 5201 622 5273 silia,
639 5201 695 5264 ubi
717 5208 749 5264 et
769 5209 926 5278 quatenus
948 5203 1091 5264 civilium
1112 5217 1223 5266 rerum
1246 5219 1293 5264 ra-

544 5298 647 5359 tiones
670 5296 734 5358 siot
755 5295 980 5358 conciliandae.

582 5391 601 5465 5
625 5391 672 5450 11.
697 5387 779 5451 Sede
808 5395 950 5461 vacante,
982 5390 1168 5468 episcopalis
1195 5391 1293 5452 eccle·

543 5485 607 5546 siae
628 5483 811 5562 Capitulum
832 5482 915 5544 inira
939 5491 1065 5560 ternpus
1088 5484 1292 5560 praefinitum

542 5585 575 5639 et
595 5578 631 5640 ad
656 5593 802 5639 normam
819 5591 945 5648 corum,
969 5592 1049 5653 quae
1069 5577 1196 5640 aSacro
1211 5577 1292 5638 Gon-

541 5671 615 5734 cilio
637 5669 824 5734 Tridentino
847 5671 879 5731 in
901 5685 971 5732 rem
994 5671 1122 5733 decreta
1143 5679 1229 5742 sunt,
1247 5671 1292 5732 vi-

540 5765 661 5827 carium
694 5763 901 5842 capitularem
934 5763 1035 5825 libere
1070 5764 1180 5841 eliget,
1214 5767 1292 5842 quin

540 5857 732 5921 electionem
767 5857 869 5920 semel
904 5857 1016 5920 lactem
1050 5873 1202 5920 revocare
1238 5859 1292 5922 rel

1078 578 1269 626 reserares
1291 581 1348 627 SEU
1370 580 1583 626 CONCORDATA

1358 703 1530 764 suetudine
1562 703 1602 764 de
1634 702 1740 766 medio
1769 702 1890 765 sublata
1920 719 1954 763 ac
1983 699 2108 779 penitus

1358 795 1484 868 abolita,
1502 810 1583 873 quae
1598 796 1630 857 in
1647 797 1703 858 lrac
1718 811 1754 858 re
1769 811 1933 860 sacrorum
1951 809 2106 856 canonum

1358 889 1575 952 sanctionibus
1605 889 1719 966 quovis
1748 891 1879 952 nomine
1905 890 2105 951 adversetur.

1399 984 1417 1057 5
1441 982 1488 1045 13.
1510 982 1629 1045 Causae
1645 999 1758 1046 omnes
1776 983 1883 1056 fldem,
1900 988 2106 1054 sacramenta,

1358 1092 1460 1138 sacras
1490 1075 1671 1140 iunctiones
1702 1077 1826 1154 aliaque
1854 1077 1954 1139 offlcia
1981 1081 2013 1137 et
2041 1075 2108 1136 iura

1358 1185 1447 1232 sacru
1469 1169 1650 1232 ministerio
1679 1171 1801 1232 adnexa
1827 1169 2054 1248 respicientes,
2078 1173 2110 1230 et

1360 1264 1538 1340 generatim
1555 1279 1666 1326 causae
1683 1279 1796 1326 omues
1812 1261 2053 1332 ecclesiasticae,
2073 1261 2108 1320 ad

1357 1356 1510 1418 iudicium
1533 1357 1761 1420 ecclesiasticae
1792 1355 1987 1419 auctoritatis
2016 1353 2109 1416 unice

1358 1451 1532 1529 pertinent,
1556 1450 1645 1512 iuxta
1666 1467 1830 1514 sacrorum
1853 1465 2011 1514 canonum
2034 1464 2106 1510 not·-

1359 1559 1455 1607 mam.

1397 1639 1416 1713 5
1440 1637 1486 1699 11.
1518 1637 1715 1716 Temporum
1738 1638 1861 1700 ratione
1885 1635 2001 1706 babita,
2033 1634 2109 1696 San-

1357 1733 1447 1796 ctitas
1470 1732 1532 1794 Sua
1553 1731 1724 1804 consentit,
1742 1739 1777 1795 ut
1792 1747 1903 1795 causae
1922 1731 2033 1794 civiles
2049 1729 2111 1791 cle-

1358 1826 1500 1888 ricorum
1524 1826 1562 1888 ad
1578 1825 1673 1887 laicos
1693 1825 1814 1888 iudices
1827 1825 2021 1896 relerantur,
2039 1823 2107 1884 sive

1358 1921 1555 1998 personales,
1572 1920 1639 1982 sire
1663 1921 1776 1992 reales,
1794 1935 1875 1998 quae
1897 1919 2017 1984 scilicet
2040 1934 2110 1996 pos-

1358 2013 1517 2075 sessiones
1545 2021 1640 2090 atque
1672 2014 1730 2076 alia
1763 2013 1951 2092 temporalia
1979 2012 2110 2074 clerico·

1358 2123 1443 2181 rum,
1467 2108 1686 2180 ecclesiarum,
1705 2108 1936 2170 beneficiorum
1961 2106 2109 2168 aliarum-

1357 2216 1420 2278 que
1455 2201 1741 2264 ecclesiasticarum
1778 2199 2002 2263 fundationum
2040 2201 2110 2262 iura

1358 2297 1539 2374 respiciant.

1397 2389 1486 2464 515.
1520 2387 1637 2450 Eadem
1673 2389 1711 2451 de
1744 2405 1836 2451 causa
1863 2385 1974 2450 Sancta
2008 2386 2107 2450 Sedes

1358 2481 1440 2544 baud
1456 2483 1591 2560 impedit
1606 2481 1780 2558 quominus
1800 2498 1910 2544 causae
1925 2479 2109 2543 criminales

1356 2575 1651 2638 Ecclesiasticorum
1669 2591 1726 2653 pro
1747 2576 1882 2647 delictis,
1900 2591 1981 2652 quac
2002 2576 2109 2637 crimi-

1356 2669 1481 2756 nalibus
1512 2668 1716 2746 Reipublicae
1749 2669 1874 2747 legibus
1907 2669 2109 2732 animadver-

1356 2769 1479 2834 tuntur,
1504 2777 1651 2840 quaeque
1675 2765 1711 2825 ad
1737 2763 1928 2842 religionem
1949 2780 2013 2824 noo
2037 2780 2108 2840 per·

1356 2857 1479 2927 tinent,
1512 2856 1549 2918 ad
1577 2856 1730 2918 laicorum
1766 2857 1934 2918 tribunalia
1963 2855 2109 2918 deleran-

1355 2956 1418 3014 tur.
1441 2949 1521 3012 Curti
1538 2965 1617 3012 vero
1628 2946 1738 3028 'agitur
1753 2951 1792 3012 de
1809 2949 1933 3012 iudiciis
1947 2952 2107 3013 secundae

1356 3051 1388 3106 et
1399 3044 1531 3106 ultimae
1543 3031 1720 3118 instantiae,
1734 3045 1765 3106 in
1779 3043 1856 3106 illud
1871 3043 2009 3106 tribunal
2023 3045 2109 3106 inter

1355 3137 1476 3200 iudices
1492 3137 1588 3200 etiam
1605 3137 1668 3199 duo
1682 3136 1796 3199 saltem
1812 3135 2016 3200 ecclesiastici
2031 3137 2108 3208 viri,

1355 3246 1435 3308 quos
1458 3229 1644 3293 Ordinarius
1672 3231 1826 3303 nominat,
1850 3237 1947 3292 erunt
1974 3231 2112 3293 omnino

1354 3325 1554 3386 admittendi.
1586 3325 1668 3386 Haec
1689 3323 1804 3386 iudicia
1826 3325 1959 3386 minime
1982 3323 2110 3402 publica

1355 3427 1462 3491 erunt,
1487 3425 1519 3480 et
1541 3417 1737 3496 respectirae
1765 3418 1944 3481 sententiae
1969 3433 2106 3497 poenam

1354 3511 1463 3589 capitis
1492 3527 1548 3572 seu
1579 3527 1715 3590 poenam
1748 3511 1926 3574 alilictivam
1949 3517 2002 3573 aut
2028 3509 2107 3574 inla-

1355 3605 1451 3666 miam
1481 3603 1669 3678 iulerentes,
1703 3621 1879 3682 numquam
1905 3615 2002 3670 erunt
2031 3622 2106 3669 exc·

1354 3699 1500 3776 quendae
1522 3699 1642 3776 absque
1667 3703 1880 3777 competentis
1907 3700 2106 3762 auctoritatis

1353 3792 1602 3871 approbatione,
1627 3800 1660 3854 et
1680 3799 1851 3870 antequam
1882 3795 2030 3872 proprius
2052 3811 2106 3856 cu-

1352 3888 1468 3962 iusque
1490 3883 1695 3947 ecclesiastici
1718 3885 1779 3946 viri
1801 3885 1987 3965 Episcopus,
2011 3888 2105 3949 citius

1353 3995 1449 4058 quarn
1480 3980 1550 4042 lieri
1580 3980 1708 4057 poterit,
1740 3997 1776 4042 ea
1803 3979 1992 4052 absolverit,
2020 3996 2103 4058 quae

1352 4075 1432 4136 sacri
1454 4090 1591 4136 canones
1616 4075 1844 4151 praescribunt.
1867 4075 1901 4136 ln
1924 4073 2104 4152 depreben-

1352 4167 1464 4231 deudis
1481 4174 1513 4230 et
1526 4167 1705 4230 detinendis
1721 4165 1956 4240 Ecclesiastico,
1970 4167 1991 4227 ii
2008 4175 2106 4228 erunt

1352 4261 1523 4324 adhibendi
1536 4261 1633 4332 modi,
1645 4276 1725 4338 quos
1738 4261 1920 4322 reverentia
1932 4267 2030 4322 status
2041 4261 2106 4323 cle·

1352 4354 1456 4418 ricalis
1472 4355 1584 4431 exigit,
1601 4361 1721 4416 etcum
1736 4353 1849 4431 aliquis
1871 4353 2106 4416 ecclesiasticus
2184 4363 2186 4368 ’

1351 4450 1401 4510 vir
1427 4448 1526 4512 luerit
1554 4448 1789 4526 deprehensus,
1819 4446 1906 4510 nulla
1936 4448 2103 4510 interiecta

1351 4559 1441 4606 mora
1456 4544 1631 4621 Episcopus
1648 4543 1687 4603 de
1704 4541 1760 4604 ltac
1775 4557 1810 4603 re
1826 4542 1888 4604 erit
1903 4543 2101 4604 monendus:

1350 4638 1384 4699 io
1399 4637 1494 4700 liuius
1512 4635 1639 4699 articuli
1655 4635 1862 4713 dispositione
1882 4636 1976 4714 pleno
1995 4637 2104 4700 exclu-

1350 4731 1472 4793 duntur
1494 4746 1608 4792 causae
1631 4729 1780 4804 maiores,
1799 4745 1880 4807 quae
1902 4729 2102 4807 lipostolicae

1352 4823 1425 4886 Sedi
1449 4831 1629 4886 reservatae
1651 4830 1738 4896 sunt,
1756 4823 1842 4884 iuxta
1861 4823 1947 4885 Sacri
1969 4822 2101 4886 Concilii

1350 4917 1530 4982 Tridentini
1558 4917 1761 4996 praescripta,
1794 4915 1873 4978 Scau.
1897 4918 1956 4977 24.
1980 4915 2025 4979 De
2048 4917 2104 4980 lle·

1349 5013 1445 5093 form.
1475 5011 1550 5092 Gap.
1576 5015 1609 5072 5.

1389 5109 1408 5182 5
1432 5103 1479 5168 lll.
1502 5103 1583 5168 Cum
1599 5104 1756 5167 Ordinarii
1773 5105 1874 5167 libere
1890 5106 2023 5169 omniuo
2041 5107 2105 5169 sint

1349 5201 1381 5262 in
1397 5201 1528 5280 proprio
1543 5199 1723 5260 ministerio
1739 5201 1933 5273 exercendo,
1949 5207 2104 5278 poterunt

1349 5295 1436 5358 iuxta
1457 5295 1622 5370 vigentem
1651 5299 1683 5355 et
1706 5294 1910 5371 approbatam
1940 5295 2100 5366 Ecclesiae

1349 5387 1545 5466 disciplinam
1582 5386 1652 5449 illos
1687 5403 1837 5450 coercere
1870 5387 2101 5450 ecclesiasticos

1348 5482 1447 5555 viros,
1471 5482 1525 5560 qui
1547 5499 1563 5544 1
1586 5483 1707 5560 proprii
1732 5480 1877 5542 muneris
1901 5480 2010 5542 olliciis
2032 5489 2065 5542 et
2085 5499 2100 5544 a

1349 5583 1433 5638 recta
1455 5575 1585 5638 vivendi
1608 5575 1730 5636 ratione
1752 5574 1938 5638 dellectunt.

1388 5672 1406 5744 5
1430 5669 1477 5731 l7.
1501 5669 1641 5732 Ecclesia
1662 5669 1733 5730 iure
1755 5667 1854 5745 pollet
1876 5683 1974 5729 novas
1996 5671 2102 5748 acqui-

1349 5763 1440 5824 rendi
1469 5764 1688 5840 possessioues
1718 5761 1832 5840 quovis
1868 5761 1953 5826 iusto
1987 5763 2098 5835 titulo,

1348 5857 1482 5934 eiusque
1503 5857 1674 5933 acquisitae
1696 5871 1747 5918 res
1769 5861 1867 5917 erunt
1885 5871 1991 5918 sacrae
2007 5862 2039 5918 et
2053 5855 2099 5918 in-

540 5953 577 6014 ad
599 5967 716 6015 novam
732 5953 907 6031 procedere
929 5952 1038 6030 possit,
1056 5951 1197 6032 qualibet
1218 5969 1291 6015 con·
1319 5936 1322 6018 l
1347 5950 1525 6024 violabiles,
1548 5965 1650 6027 aeque
1671 5967 1706 6014 ac
1728 5949 1939 6028 proprietates
1961 5950 2097 6013 aliorum
