4836 7002
889 921 999 1003 Pius
1034 921 1164 1002 ΡΑΡΑ
1193 921 1286 1001 viti.

96 1233 154 1318 'ln
165 1260 191 1316 d.
206 1259 273 1314 1829
676 1253 699 1315 l.
955 1223 958 1230 ¹
1115 1251 1146 1316 b.
1170 1252 1320 1316 Amadeei
1342 1253 1443 1316 edicta
1464 1253 1607 1316 addatur.
1631 1253 1750 1318 Eadem
1773 1269 1863 1332 prae·
1899 1262 2075 1322 success

1114 1354 1202 1410 terea
1223 1348 1411 1409 anctoritate
1439 1353 1547 1409 nostra
1574 1347 1745 1426 apostolica
1767 1346 1862 1410 laeni-

311 1439 853 1503 Focnltnteneconeeditentrnendi
867 1438 1060 1519 soceilopri·
1114 1448 1212 1502 tatem
1235 1441 1378 1512 tacimus,
1403 1457 1464 1518 qua
1486 1441 1546 1504 boc
1567 1441 1599 1504 in
1622 1442 1749 1516 sacello,
1769 1444 1861 1505 sertis

351 1539 428 1598 noto
458 1533 494 1596 in
516 1533 645 1598 oedibne
666 1535 702 1597 in
724 1531 837 1612 qnibns
851 1533 970 1614 degunt
987 1551 1061 1597 con·
1114 1535 1271 1612 tectisque
1293 1533 1526 1612 parochialibus
1555 1535 1679 1598 iuribus
1709 1535 1862 1613 omnique

349 1630 432 1692 entes
446 1629 530 1710 repis
552 1628 725 1692 Sardiniae
744 1627 834 1691 missi
855 1628 897 1692 od
921 1627 1061 1692 Orientis
1113 1628 1252 1692 adbibita
1268 1643 1353 1700 cura,
1370 1627 1490 1704 nequid
1506 1629 1539 1690 in
1554 1627 1698 1691 sacrificii
1720 1637 1863 1692 contem·

347 1709 471 1806 ptopns.
1113 1732 1204 1800 ptum
1226 1721 1264 1784 ab
1292 1721 1498 1785 heterodoxis
1519 1729 1737 1800 perpetretur,
1761 1724 1863 1787 semel

1113 1814 1147 1877 in
1169 1815 1235 1877 dies
1248 1815 1342 1878 etiam
1358 1830 1416 1893 per
1437 1830 1557 1878 annum
1577 1815 1791 1880 solemniores
1805 1833 1863 1895 per

551 1894 639 1962 PlUS
664 1895 724 1960 PP·
750 1893 818 1962 ἪΙΙ.
1114 1923 1355 1986 quemcumque
1373 1909 1600 1988 presbyterum
1615 1909 1677 1972 rite
1693 1894 1862 1988 probatum

454 2015 490 2082 aq
512 2017 642 2083 ququpgm
665 2017 708 2081 per
732 2017 912 2084 memoriam,
1114 2002 1221 2064 divina
1251 2003 1352 2065 bostia
1381 2001 1483 2066 libere
1506 2020 1541 2066 ac
1568 2003 1655 2068 licite
1684 2004 1785 2083 possit
1804 2005 1863 2066 im·

1115 2097 1239 2168 molari,
1262 2095 1378 2172 quibus
1401 2097 1530 2175 quidem
1553 2097 1650 2160 sacris
1672 2113 1773 2176 quum
1795 2097 1863 2177 qni·

108 2201 270 2248 proemium.
350 2193 419 2270 gl,
442 2192 566 2254 Eximio
588 2193 620 2252 in
643 2191 744 2254 iteum
775 2192 875 2270 pietas
895 2210 930 2255 ac
952 2193 1060 2258 obser·
1113 2187 1192 2252 libet
1212 2189 1384 2253 catholicae
1405 2190 1554 2268 religioni
1576 2190 1729 2262 addictus,
1746 2191 1864 2270 pietate

28 2323 30 2368 5
309 2287 414 2349 nantia
435 2287 468 2348 in
491 2285 571 2348 banc
592 2285 805 2362 Apostolicam
829 2283 946 2372 Sedem
967 2287 1059 2351 alise·
1113 2283 1166 2345 iiln
1188 2297 1250 2360 que
1272 2283 1373 2356 decet,
1390 2284 1528 2357 intersit,
1546 2283 1759 2346 ecclesiastico
1774 2299 1864 2362 prae·

28 2369 29 2402 ³
309 2394 373 2457 qne
394 2380 543 2452 virtutes,
566 2393 648 2456 quae
669 2378 869 2442 carissimum
885 2381 917 2442 in
932 2381 1059 2444 cbristo
1112 2385 1204 2455 cepto
1226 2378 1369 2454 paruisse
1391 2378 1535 2440 ducatur.
1557 2377 1691 2441 Domum
1708 2384 1744 2440 ut
1760 2376 1864 2440 Sardi·

310 2473 412 2536 tilium
434 2479 581 2536 nostrum
611 2471 761 2535 Carnium
789 2473 928 2535 Felicem
956 2473 1060 2538 Sardi·
1113 2471 1185 2533 uiae
1205 2471 1323 2534 subditi
1344 2471 1377 2534 in
1399 2473 1661 2550 exterisquoque
1675 2471 1864 2548 regionibns

311 2566 382 2629 niae
396 2580 509 2644 regem
525 2565 755 2643 quamoptime
770 2576 897 2637 ornant,
914 2584 972 2630 nos
988 2583 1059 2646 pro·
1114 2558 1263 2652 peculiari
1287 2563 1375 2626 cultu
1397 2563 1428 2626 b.
1452 2564 1647 2628 Amadaeum
1670 2581 1864 2644 prosequan-

311 2659 394 2724 lecto
415 2660 587 2730 adducunt,
604 2665 640 2720 ut
662 2662 731 2720 eius
753 2660 835 2720 rotis
858 2675 916 2738 pro
936 2661 1060 2723 viribus
1115 2663 1178 2730 tur,
1197 2657 1237 2720 de
1253 2656 1451 2734 benignitate
1466 2666 1574 2719 nostra
1592 2657 1811 2736 indulgemus
1828 2665 1865 2720 nt

311 2769 498 2818 annuamus.
508 2751 540 2814 ld
553 2759 660 2815 autem
673 2769 712 2815 eo
724 2752 876 2816 libentius
888 2755 957 2816 ileri
970 2771 1060 2834 posse
1115 2751 1387 2827 quemadmodum
1417 2752 1449 2813 in
1472 2751 1634 2814 Sardiniae
1662 2752 1750 2831 regis
1772 2751 1864 2815 ditio-

310 2849 468 2920 ducimns‚
492 2861 592 2926 quum
615 2847 800 2910 huiusmodi
821 2855 894 2910 vota
917 2865 955 2911 eo
971 2866 1060 2928 prae·
1115 2844 1220 2917 nibus,
1244 2845 1285 2907 ita
1307 2846 1340 2907 in
1362 2845 1487 2908 sacellis
1501 2845 1541 2908 de
1557 2847 1673 2924 quibus
1688 2847 1794 2924 agitur
1809 2846 1862 2909 rel

310 2944 402 3022 cipue
423 2949 566 3021 spectare
588 2945 749 3012 novimus,
766 2949 801 3004 nt
822 2942 996 3005 catholicae
1009 2959 1058 3004 re·
1115 2937 1230 3000 barum
1252 2938 1420 3002 literarum
1441 2939 1474 3000 ri
1496 2939 1657 3017 erigendis
1672 2940 1725 3003 vel
1740 2940 1802 3002 iam
1818 2940 1862 3002 le·

310 3037 439 3115 ligionis
452 3036 609 3098 lovendae
620 3035 762 3097 studium
775 3037 875 3114 magis
892 3036 1059 3113 magisque
1114 3031 1227 3109 gitime
1259 3034 1385 3106 erectis,
1412 3033 1551 3096 officium
1577 3041 1610 3097 et
1639 3036 1735 3096 missa
1761 3033 1862 3113 ipsius

309 3132 418 3210 rigeat
438 3145 503 3192 non
524 3130 631 3192 solnm
653 3129 685 3190 in
702 3128 874 3191 ditionibus
884 3145 942 3193 suo
958 3131 1059 3209 impe·
1114 3127 1197 3190 beati
1218 3128 1289 3190 deri
1311 3128 1413 3192 liceat.

310 3227 359 3288 rio
380 3221 532 3296 subditis,
554 3237 671 3284 rernm
700 3223 796 3284 etiem
818 3223 851 3285 in
880 3224 1060 3287 disiunctis·
1154 3221 1222 3296 54.
1247 3219 1329 3283 llaec
1356 3221 1508 3284 volumus
1536 3229 1631 3299 atque
1660 3223 1859 3296 mandamus,
1889 3240 2095 3296 derogationes·

310 3319 399 3381 simis
414 3318 492 3381 locis
503 3316 682 3394 multigena
694 3332 844 3380 errorum
857 3317 928 3380 tabe
941 3319 1059 3381 misere
1115 3331 1179 3377 non
1201 3313 1398 3376 obstantibus
1419 3315 1698 3378 constitutionibus
1720 3325 1753 3381 et
1778 3317 1862 3380 ordi·
1881 3293 2035 3338 crassorum.

310 3411 447 3476 iniectis.
1115 3409 1298 3472 notionibus
1312 3409 1489 3488 apostolicis
1502 3409 1682 3488 ceterisque
1694 3411 1862 3474 contrariis

106 3521 222 3576 expositio
233 3531 292 3578 pre·
350 3509 369 3584 ἓ
390 3507 420 3570 2.
437 3505 514 3569 iiius
535 3505 622 3567 euim
638 3504 770 3567 nomine
784 3521 800 3566 a
816 3503 907 3566 nobis
923 3505 1060 3568 demissa
1115 3501 1384 3580 quibuscumque.

96 3587 148 3619 ⁰⁰¹⁰·
312 3617 405 3680 prece
427 3601 563 3678 petitum
587 3597 710 3671 initui
731 3598 916 3661 insedibus
937 3599 970 3661 in
991 3599 1060 3677 qui·
1154 3595 1269 3658 Datum
1297 3595 1427 3670 Romae,
1450 3596 1533 3676 apud
1559 3595 1591 3660 S.
1619 3596 1746 3660 llnriarn
1770 3598 1864 3661 Maio

312 3697 370 3758 bus
384 3695 509 3772 degunt
523 3692 670 3755 consules
685 3692 723 3755 sb
739 3708 777 3755 eo
792 3692 880 3754 missi
896 3693 933 3756 ad
949 3691 1060 3756 Orien·
1116 3705 1206 3763 rem,
1241 3690 1301 3753 sub
1333 3690 1454 3754 annulo
1484 3691 1671 3764 Piscatoris,
1703 3693 1755 3755 die
1786 3709 1862 3756 xxv.

311 3789 351 3851 tis
366 3787 484 3868 plagas,
501 3785 653 3849 sacellum
670 3786 770 3866 possit
783 3787 933 3850 constitui
952 3787 1061 3866 ibique
1115 3789 1197 3863 sept.
1221 3799 1435 3857 uncccxxrx„
1459 3783 1572 3862 pontii.
1596 3783 1697 3848 nostri
1718 3802 1801 3848 anno
1820 3803 1842 3847 r.

310 3899 437 3946 sacrum
459 3881 589 3960 peragi,
619 3881 705 3958 quod
727 3881 765 3942 ad
792 3881 952 3959 praecepti
972 3881 1060 3944 satis-

311 3975 481 4039 lactionem
494 3975 691 4052 suffragetur
702 3980 773 4036 tum
785 3974 872 4052 ipsis,
890 3983 958 4037 tum
971 3973 1061 4037 lami-

311 4069 442 4132 liaribns
463 4069 599 4147 aliisque
621 4067 785 4140 omnibns,
809 4067 864 4145 qui
887 4067 991 4131 eidem
1014 4085 1061 4130 sa·
1362 4071 1614 4081 ”w

310 4162 429 4226 criticio
451 4163 648 4225 intererunt.

30 4301 32 4328 ι
107 4269 292 4328 panormum·
349 4257 369 4332 ἓ
389 4255 419 4319 3.
442 4253 507 4318 Nos
528 4253 629 4332 igitur
660 4253 925 4316 christifidelium
952 4255 1062 4333 pietati
1472 4255 1509 4318 ll.

30 4397 32 4464 ν
97 4329 169 4365 Μ
310 4349 480 4414 consulere
501 4348 679 4428 cupientes,
696 4363 738 4410 ne
752 4347 786 4410 in
808 4347 950 4410 barbaris
966 4349 1061 4411 terris

30 4467 32 4504 ι
312 4443 446 4522 mystico
466 4441 631 4512 sacrificio,
648 4455 712 4518 quo
729 4439 794 4502 Deo
816 4441 897 4518 patri
919 4441 1061 4504 reconci-
1117 4439 1269 4521 Episcopo
1289 4439 1514 4504 lintisbonensi
1530 4442 1722 4506 admittendi
1737 4451 1803 4508 tom
1816 4459 1865 4508 re·

310 4535 376 4598 liati
390 4551 515 4606 sumus,
529 4534 662 4596 omnino
678 4541 815 4605 careant,
830 4533 975 4611 itemque
990 4551 1060 4598 rem
1155 4535 1225 4616 pios
1249 4551 1345 4614 qnam
1375 4536 1593 4616 capitulorum
1615 4538 1863 4610 nominationes,

311 4635 432 4706 gratam
456 4633 552 4705 atque
573 4627 745 4690 iucundam
767 4628 969 4706 pientissimo
990 4629 1061 4707 regi
1156 4627 1392 4706 nominatisque
1423 4628 1566 4692 donandi
1594 4632 1785 4694 cononicam
1816 4632 1865 4696 in-

311 4722 415 4785 lacere
436 4721 596 4794 volentes,
612 4721 799 4784 auctoritate
815 4731 924 4786 nostra
939 4729 1061 4801 aposto
1155 4721 1366 4794 stitutionem,
1388 4722 1578 4803 [acuitatem
1599 4725 1753 4789 concedit.

311 4816 369 4879 lica
390 4815 597 4880 concedimus
618 4821 651 4877 et
671 4815 891 4894 indulgemus,
905 4824 942 4878 ut
963 4816 995 4878 in
1011 4832 1061 4879 ae·

311 4909 405 4972 dibus
425 4909 594 4972 consulum
612 4905 775 4972 Sardiniae
789 4909 877 4987 regis
898 4910 934 4972 ad
950 4907 1061 4974 (trien-
1117 4906 1288 4974 Venerabili
1311 4907 1399 4974 tratri
1415 4907 1524 4975 carolo
1541 4909 1781 4996 llrolriepisoopo
1797 4911 1864 4995 Tyri

311 5009 376 5065 tem
408 5001 561 5064 sacellum
595 5001 695 5080 possit
724 5002 874 5064 constitui
909 5003 1061 5067 decenter
1155 5001 1232 5085 apud
1255 5017 1356 5085 regern
1379 5000 1527 5070 Benariae
1553 5009 1659 5073 nostro
1681 5011 1714 5074 et
1735 5005 1866 5090 llpoeto·

310 5112 388 5158 auro
409 5102 595 5158 extructum
617 5101 819 5157 stornatum
841 5112 857 5157 a
879 5097 1061 5160 domesticis
1157 5096 1234 5163 lioae
1258 5093 1349 5164 sedo
1372 5097 1489 5176 nuntio,

310 5189 421 5252 usibus
443 5189 582 5252 liberum
602 5189 640 5250 ab
655 5189 827 5268 apostolico
841 5191 988 5269 delegato
1003 5208 1060 5255 sen

311 5282 349 5346 ab
369 5282 431 5345 alio
452 5283 489 5345 ad
512 5281 562 5344 sni
583 5281 752 5345 arbitrium
775 5283 953 5361 adlegendo
972 5283 1061 5363 prins
1357 5281 1445 5352 rius
1467 5283 1529 5352 ΡΡ.
1550 5285 1623 5354 lllll.

311 5376 505 5439 visitandum
529 5383 561 5438 et
574 5376 826 5455 approbandum,
843 5377 989 5456 illudque
1007 5380 1060 5442 vel

312 5469 463 5549 Deiparae
484 5469 609 5548 Virgini
625 5471 678 5532 rel
692 5469 762 5533 aliis
777 5472 956 5546 coelitibus,
969 5474 1061 5536 dnm·
1329 5471 1520 5542 Venerabilis
1542 5475 1651 5556 irater,

312 5569 397 5626 taxat
416 5563 471 5636 iis,
502 5580 583 5642 qnos
606 5564 744 5627 Ecclesia
765 5566 917 5628 universa
938 5574 1060 5630 sancto·
1149 5565 1278 5634 salutern
1301 5571 1333 5634 et
1354 5569 1552 5653 apostolicam
1579 5569 1829 5638 benedictionem.

312 5673 385 5720 rum
417 5657 511 5720 titulo
541 5665 733 5732 veneratur,
757 5659 945 5733 dicandum,
974 5662 1059 5739 quod

312 5756 419 5815 tamen
431 5751 567 5814 minime
578 5753 742 5830 impediet,
755 5753 929 5830 quominus
945 5755 1060 5818 eodem
1155 5757 1174 5833 ἓ
1197 5757 1225 5820 l.
1242 5757 1358 5844 Quum,
1382 5759 1464 5824 sicut
1485 5761 1577 5825 nobis
1599 5762 1780 5842 expositum
1803 5773 1863 5834 est,
1898 5773 2098 5833 nxeosuropre·

311 5843 345 5907 in
365 5845 482 5909 sacello
504 5853 632 5926 praeter
653 5845 793 5909 tabulam
816 5847 994 5928 principem
1008 5865 1060 5911 su·
1115 5849 1171 5914 lel.
1189 5868 1253 5916 rec.
1270 5852 1335 5914 Leo
1350 5852 1406 5914 ΡΡ.
1419 5853 1484 5916 xil.
1502 5856 1650 5918 decessor
1664 5862 1776 5918 noster
1794 5871 1865 5934 pre·
1884 5841 1951 5874 ⁰³⁰¹·

314 5955 372 6019 per
393 5939 492 6004 altare
513 5941 648 6019 positam
677 5940 735 6002 alia
757 5942 865 6003 minor
885 5941 1059 6020 imaginem
1115 5961 1169 6008 ces
1191 5947 1292 6009 clarae
1314 5947 1490 6010 memoriae
1511 5947 1716 6012 Maximiliani
1739 5949 1866 6028 losepbi

417 6089 476 6132 Iur.
492 6091 568 6131 Pont.
584 6093 616 6133 de
631 6091 713 6141 Prop.
728 6089 791 6134 Flete
805 6089 892 6134 Partis
906 6092 925 6134 l.
940 6089 994 6134 Vol.
1010 6093 1061 6134 Vll.
1732 6097 1759 6140 29
