4884 6994
586 497 645 570 tlt
935 498 947 570 l

606 640 798 706 thothttttht
831 658 889 721 pro
925 641 1070 720 parochis
1105 639 1315 702 confirmatur

566 737 654 800 Pauli
673 735 710 800 V.
727 737 913 799 constitutio
928 736 967 797 de
983 734 1210 814 eleemosynis,
1235 749 1315 810 quae

566 831 677 894 haberi
700 838 835 910 possunt
855 831 893 892 ab
915 830 953 891 iis
975 830 1030 906 qui
1052 829 1085 891 in
1108 827 1251 892 ecclesiis
1280 843 1314 888 u-

567 925 712 1002 triusque
735 940 832 986 sexus
849 921 1098 986 Eranciscalium
1122 923 1250 984 observ.
1268 937 1316 982 se-

567 1016 744 1096 peliuntur,
767 1023 822 1079 aut
850 1016 889 1078 de
918 1016 1019 1076 Missis
1054 1031 1110 1092 pro
1141 1014 1244 1076 anima
1266 1030 1316 1075 ce-

566 1111 728 1174 lebrandis
751 1111 871 1174 relictis
894 1117 954 1173 etc.
978 1109 1001 1180 Ι,
1025 1109 1082 1184 253
1112 1108 1317 1172 Praesufibus

567 1205 747 1285 mandatur,
772 1211 807 1266 ut
838 1203 870 1266 in
903 1201 1092 1264 monialium
1116 1201 1316 1263 monasteriis

567 1298 664 1377 recipi
697 1297 888 1376 prohibeant
920 1296 1073 1358 mulieres
1104 1296 1248 1358 habitum
1271 1295 1317 1356 in-

566 1392 667 1454 duere
682 1391 830 1454 nolentes
845 1390 868 1464 l,
881 1389 935 1467 683
958 1389 1176 1453 Confirmatnr
1190 1404 1317 1451 excom-

566 1485 739 1548 municatio
752 1491 863 1547 contra
876 1485 1060 1562 redigentes
1076 1484 1108 1545 in
1124 1483 1314 1545 servitutem

566 1578 619 1640 rel
641 1578 732 1640 bonis
755 1578 954 1657 expoliantes
970 1577 1063 1640 lndos
1079 1577 1102 1648 Ι,
1121 1575 1195 1652 tam
1219 1585 1250 1638 et
1265 1577 1314 1648 til,

566 1671 626 1747 ΙΙΙ,
653 1668 823 1734 Gradatae
852 1671 1022 1749 publicatio
1053 1672 1216 1732 annuatim
1246 1671 1317 1733 fieri

567 1781 660 1844 posse
675 1765 862 1828 conceditur
874 1764 897 1836 l,
914 1765 990 1841 2333
1006 1763 1204 1826 innovantur
1219 1765 1255 1826 ad
1271 1764 1317 1824 vi-

567 1859 647 1936 ginti
662 1875 761 1921 annos
777 1860 1001 1923 concessiones
1016 1875 1097 1938 quae
1110 1860 1317 1922 continentur

566 1957 599 2015 in
615 1952 673 2031 Ap.
688 1953 803 2016 litteris
820 1953 1012 2016 Animarum
1028 1961 1088 2016 etc.
1105 1953 1223 2015 Urbani
1238 1952 1314 2016 Vlll.

567 2049 646 2111 datis
678 2056 739 2110 etc.
773 2047 801 2120 Ι,
836 2045 916 2123 aro,
953 2046 1055 2110 Nemo
1088 2055 1315 2110 testamentum

565 2142 726 2204 conficere
750 2148 865 2221 potest,
889 2143 968 2219 quin
983 2141 1119 2218 aliquam
1138 2141 1316 2218 eleemosy-

566 2252 639 2298 nam
651 2235 762 2309 llonti,
776 2252 833 2314 pro
845 2235 1011 2297 animabus
1025 2235 1235 2314 purgantibus
1248 2251 1316 2296 ere-

524 2404 526 2410 ?
566 2337 628 2402 cto,
646 2329 805 2406 relinquat
820 2327 856 2400 ll,
873 2325 950 2403 tom
972 2324 1147 2390 Ordinarfis
1170 2327 1315 2388 locorum

566 2439 630 2486 non
653 2424 728 2485 licet
748 2422 878 2484 visitare
900 2421 1178 2484 confraternitates
1194 2429 1316 2482 erectas

566 2526 600 2581 et
629 2517 799 2594 erigendas
831 2516 864 2577 in
897 2515 1037 2578 ecclesiis
1069 2514 1315 2577 Carmelitarum

566 2611 734 2674 excalceat.
758 2625 912 2687 congreg.
930 2609 1107 2687 llispaniae,
1125 2625 1183 2670 nec
1199 2625 1315 2672 eorun-

566 2706 638 2768 dem
662 2705 798 2767 oratoria
820 2702 1081 2778 narcissitim,
1101 2703 1265 2780 Episcopis
1284 2711 1317 2766 et

566 2797 774 2860 missionariis
805 2795 999 2876 praecipitur
1029 2796 1089 2858 sub
1118 2797 1315 2873 gravissimis

566 2893 677 2972 poenis
693 2892 873 2956 obedientia
889 2891 1015 2954 constit.
1034 2908 1083 2970 ap.
1108 2891 1212 2953 debita
1234 2891 1314 2954 circa

565 2987 647 3050 ritus
669 2983 828 3050 dfalcbar.
852 2983 889 3056 ll,
905 2983 985 3058 5013
1009 2983 1210 3062 indulgentia
1227 2985 1312 3063 plen.

566 3080 714 3143 fidelibus
726 3079 838 3142 ultima
850 3079 901 3142 die
914 3079 1101 3141 missionum
1115 3079 1313 3152 conceditur,

566 3183 599 3238 et
620 3175 801 3237 benedictio
815 3189 864 3252 ap.
881 3193 896 3236 a
913 3173 1181 3252 praedicatoribus
1197 3175 1315 3250 imper-

568 3267 842 3342 tiendalll,137;
872 3267 1023 3329 Carnium
1054 3283 1126 3329 esus
1160 3268 1315 3344 permitti-

566 3367 630 3435 tur,
654 3363 742 3424 iuxta
765 3362 908 3432 modum,
931 3361 964 3422 in
987 3359 1107 3422 sabbati
1129 3360 1241 3422 diebus
1265 3359 1312 3434 ΙΙΙ,

566 3456 636 3531 2Ι3ς
652 3453 894 3518 ordinariorum
907 3455 956 3517 ius
967 3453 1142 3531 Regulares
1157 3455 1315 3533 parochia-

566 3548 607 3610 lia
628 3565 763 3612 munera
786 3555 975 3612 exercentes
991 3549 1205 3620 examinandi,
1223 3558 1254 3610 et
1269 3551 1315 3611 iu·

565 3640 707 3704 rlsdictio
728 3655 826 3718 super
847 3640 919 3703 illos
931 3648 993 3703 etc.
1011 3639 1060 3713 lll,
1078 3639 1157 3717 2163
1182 3641 1315 3704 Sanctus

565 3735 750 3797 Eranciscus
782 3733 938 3796 llaverius
967 3743 1120 3814 patronus
1151 3736 1314 3798 constitui-

565 3840 636 3903 tur,
670 3829 805 3907 eiusque
838 3829 976 3892 officium
1009 3831 1069 3893 sub
1103 3833 1165 3894 ritu
1198 3833 1316 3911 duplici

565 3923 688 4002 primae
718 3923 826 3987 classis
854 3939 928 3986 cum
957 3929 1064 3986 octava
1086 3924 1315 3989 celebrandum

565 4016 615 4090 ΙΙΙ,
638 4015 713 4092 366;
747 4015 1032 4080 confraternitates
1063 4019 1217 4095 quaedam
1248 4036 1316 4082 ere-

565 4119 632 4174 ctae
653 4110 707 4174 rel
729 4110 901 4187 erigendae
926 4110 1136 4188 indulgentiis
1160 4120 1192 4174 et
1212 4113 1316 4175 altari-

565 4205 624 4268 bus
639 4203 847 4284 pririlegiatis
863 4205 1004 4267 ditantur
1021 4203 1069 4278 ΙΙΙ,
1083 4204 1237 4283 {add-tlh
1260 4209 1317 4270 hr-

565 4297 860 4376 chiepiscopatunm
882 4299 918 4360 ad
942 4298 1100 4361 honorem
1124 4315 1317 4377 promoven-

566 4391 612 4454 dis
636 4391 827 4469 prospicitur
859 4391 963 4468 quoad
985 4393 1231 4455 instructionem
1255 4403 1315 4458 etc.

566 4481 617 4558 lV,
640 4484 710 4547 276.

605 4610 643 4626 -
669 4577 843 4644 orbarat.-
863 4578 921 4658 hp.
940 4575 1140 4642 Vicariorum
1153 4589 1185 4642 et
1198 4581 1317 4643 llissio·

566 4673 731 4736 uariorum
753 4675 1006 4738 iurisdictionem
1024 4675 1238 4753 impedientes
1254 4677 1317 4739 afil-

566 4769 696 4830 ciuntur
711 4769 822 4846 poeuis
837 4785 853 4829 a
866 4769 1094 4832 constitutione
1106 4769 1225 4832 Urbani
1240 4767 1315 4832 Vlll.

565 4861 690 4924 indictis
713 4861 735 4934 l,
759 4862 835 4939 llll3
870 4860 1046 4925 Visitatoris
1067 4863 1126 4942 hp.
1150 4864 1315 4926 decretum

567 4956 648 5018 circa
679 4956 854 5020 nonnullos
885 4957 967 5020 ritus
999 4963 1060 5019 etc.
1092 4958 1123 5018 in
1155 4957 1317 5036 plerisque

568 5050 789 5122 confirmatur,
812 5052 846 5112 in
861 5049 929 5112 aliis
945 5051 1124 5113 declaratur
1138 5058 1193 5114 aut
1207 5051 1315 5113 remit·

567 5145 645 5206 titur
668 5143 703 5217 ll,
728 5141 806 5219 tum
823 5141 938 5206 Vicarii
954 5143 1012 5222 Ap.
1030 5145 1175 5222 Episcopi
1191 5145 1317 5208 coadiu-

566 5245 670 5302 torem
694 5255 759 5301 non
775 5239 929 5302 babentes
946 5241 1110 5314 iubentur,
1128 5241 1213 5304 illico
1236 5242 1316 5305 vica-

567 5333 651 5395 rium
676 5334 862 5411 generalem
885 5335 944 5398 sibi
959 5336 1156 5400 constituere
1172 5335 1220 5408 ΙΙΙ,
1237 5337 1316 5412 6Ι9;

565 5425 721 5488 Dicuntur
743 5428 901 5500 rationes,
932 5429 1048 5505 quibus
1071 5430 1184 5492 ductus
1212 5430 1317 5493 Ponti·

565 5519 618 5582 lex
633 5521 771 5583 instituit
786 5517 978 5586 Vicariatum
1001 5524 1073 5601 Ap,
1091 5539 1154 5584 non
1172 5523 1317 5588 obstante

568 5616 655 5693 regis
677 5615 858 5679 Lusitaniae
890 5625 1056 5696 patronatu
1090 5626 1150 5680 etc.
1175 5616 1212 5690 V,
1238 5619 1315 5698 1953

565 5708 610 5772 De
633 5709 759 5772 vicibus
781 5709 982 5774 Vicariorum
1005 5713 1063 5790 hp.
1087 5720 1148 5775 etc.
1166 5713 1316 5777 allocutio

566 5798 617 5874 Vl,
645 5802 720 5879 tt3;
755 5804 799 5866 De
821 5804 879 5884 hp.
904 5805 1067 5883 Delectata,
1091 5806 1145 5883 uui
1170 5805 1201 5869 S.
1227 5807 1316 5870 Sedis

566 5897 698 5962 nomine
714 5899 969 5963 iurisdictionem
986 5909 1136 5964 exerceat
1150 5903 1186 5964 ad
1203 5917 1316 5965 sexen-

1164 516 1261 566 mocx
1284 516 1528 566 xcrcxcumcos
1741 495 1751 566 i

1372 639 1461 702 nium
1485 655 1543 717 pro
1566 637 1691 703 Vicario
1714 639 1771 718 hp.
1797 640 1828 702 in
1849 639 1917 702 loca
1940 640 2026 716 regis
2049 639 2124 702 Por-

1373 732 1523 809 tngalliae
1545 743 1605 797 etc.
1630 734 1741 796 ditioni
1765 733 1906 797 subiecta
1930 732 1980 804 Vl.
1998 734 2067 796 328.
2085 765 2125 780 -

1373 823 1610 890 Brachmahibns
1633 827 1766 904 aliisque
1788 829 1824 888 ad
1842 827 1938 888 fidem
1958 829 2125 889 conversis

1371 921 1640 982 convertendisve
1654 920 1851 998 permittitur
1864 919 2037 982 nobilitatis
2049 937 2125 983 suae

1372 1028 1450 1074 usus
1473 1013 1648 1090 insignium
1670 1021 1702 1074 et
1726 1014 1897 1084 lotionem,
1923 1014 2064 1091 purgatis
2082 1022 2126 1076 ta·

1374 1121 1448 1168 meu
1465 1106 1513 1166 his
1529 1107 1567 1167 ab
1585 1107 1671 1168 omui
1688 1107 1757 1170 labe
1774 1107 1972 1171 idololatriae
1986 1107 2009 1182 Ι,
2025 1107 2071 1168 ld.
2085 1140 2125 1154 -

1374 1199 1574 1265 carnetensis
1598 1201 1716 1280 alitque
1738 1203 1802 1264 duo
1826 1202 1970 1280 Episcopi
1995 1211 2028 1264 et
2054 1201 2126 1264 llis·

1372 1295 1502 1357 sionarii
1534 1295 1591 1374 hp.
1616 1295 1872 1358 commanebunt
1895 1296 1934 1358 de
1957 1296 2125 1358 conflrma-

1374 1389 1460 1452 tione
1483 1389 1664 1451 litterarum
1687 1389 1791 1451 Glem.
1811 1389 1860 1450 ΙΙΙ.
1878 1390 2125 1468 approbantium

1373 1478 1539 1544 decretum
1553 1482 1662 1558 Legati
1673 1481 1730 1560 hp.
1743 1493 1775 1543 et
1788 1481 1966 1545 Visitatoris
1980 1500 2037 1562 pro
2049 1501 2123 1546 con-

1375 1577 1540 1638 troversiis
1570 1577 1801 1654 componendis
1830 1574 1893 1648 Vll,
1920 1578 1987 1638 ΙΙ3.
2017 1579 2124 1642 Cocc-

1374 1669 1460 1734 aeusi
1484 1669 1638 1748 Episcopo
1660 1671 1885 1742 committitur,
1903 1671 1967 1733 rita
1983 1673 2052 1734 eius
2068 1673 2126 1734 ‹lu-

1373 1772 1475 1835 rante,
1500 1765 1731 1826 administratio
1747 1763 1871 1826 Goanac
1888 1765 1969 1827 haud
1986 1767 2126 1828 vacantis

1374 1857 1525 1919 ecclesiae
1547 1854 1599 1926 lV,
1619 1857 1688 1919 232.
1713 1890 1749 1902 -
1775 1856 1835 1922 Des
1859 1855 1975 1922 Goeurs
2000 1858 2124 1922 d'htene

1373 1951 1534 2013 missionis
1564 1951 1712 2014 fidelibus
1742 1961 1883 2031 aguntur
1912 1954 2031 2030 gratiae
2062 1961 2124 2016 etc.

1374 2044 1444 2118 Vl*,
1470 2046 1537 2108 tat.
1555 2077 1593 2092 -
1618 2044 1745 2123 ldeleau,
1763 2045 1935 2127 uotpondac
1958 2057 2018 2110 etc.
2035 2064 2124 2127 prae-

1373 2139 1485 2200 sertim
1521 2139 1553 2200 in
1592 2142 1700 2216 regnis
1738 2137 2124 2220 prohibetur'Episcopis

1373 2231 1627 2296 iurisdictionem
1655 2249 1808 2296 exercere
1841 2243 1901 2297 etc.
1933 2235 1968 2307 lt,
1996 2235 2062 2298 167.
2086 2268 2126 2282 -

1375 2325 1577 2392 Manduriensi
1602 2327 1771 2390 Vicariatui
1793 2329 1851 2407 llp.
1870 2331 2069 2408 providetur,
2088 2333 2125 2392 ad

1373 2437 1514 2498 eumque
1546 2422 1648 2484 electo
1680 2423 1792 2484 titulus
1821 2423 1966 2502 Episcopi
1997 2425 2128 2488 Tomos·

1372 2531 1441 2576 sen.
1459 2515 1551 2577 datur
1564 2515 1601 2587 V,
1615 2515 1684 2587 363,
1698 2515 1757 2578 :tot
1772 2527 1803 2580 et
1819 2515 1888 2592 3653
1907 2527 1939 2579 et
1952 2517 2002 2590 Vl,
2021 2518 2069 2582 ΙΙΙ.
2087 2553 2126 2566 -

1374 2605 1552 2672 Serdhauae
1575 2616 1635 2671 etc.
1664 2607 1837 2673 vicariatus
1859 2611 1917 2688 hp.
1935 2612 2074 2688 erigitur
2088 2612 2125 2684 V,

1374 2701 1441 2764 108.
1467 2700 1593 2766 Salubre
1617 2704 1751 2782 principi
1773 2705 1925 2766 scribitur
1940 2707 1978 2768 de
1995 2707 2127 2783 quibus-

1372 2796 1442 2856 dam
1467 2803 1499 2856 et
1520 2797 1617 2857 variis
1638 2797 1736 2858 rebus
1760 2793 1796 2868 V,
1823 2797 1890 2860 183.

1412 2921 1449 2934 -
1479 2887 1697 2952 Occidental:
1719 2889 1975 2971 hrchiepiscopis
1998 2901 2030 2954 et
2052 2894 2126 2972 Epi-

1370 2985 1473 3061 scopis
1497 2983 1650 3045 tribuitur
1671 2983 1802 3046 facultas
1821 2986 2020 3060 conferendi,
2038 2988 2126 3050 iuxta

1372 3078 1516 3150 modum,
1540 3078 1722 3139 doctoratus
1752 3080 1886 3155 gradum
1910 3079 1932 3151 l,
1955 3080 2012 3154 or,
2044 3082 2125 3159 Sup-

1372 3172 1492 3249 pressio
1523 3172 1618 3233 unius
1647 3175 1849 3236 canonicatus
1872 3181 1903 3236 et
1925 3176 2126 3252 praebendae

1371 3266 1405 3328 in
1435 3265 1577 3343 qualibet
1609 3267 1741 3328 ecclesia
1772 3269 1944 3330 cathedrali
1974 3277 2006 3332 et
2027 3271 2124 3333 colle-

1372 3361 1464 3438 giata,
1489 3367 1521 3422 et
1540 3360 1703 3439 applicatio
1719 3359 1883 3423 fructuum
1900 3363 2003 3425 officio
2019 3363 2125 3441 lnqui-

1372 3454 1496 3516 sitionis
1519 3453 1541 3526 Ι,
1566 3451 1624 3530 76;
1646 3451 1821 3516 ordinariis
1844 3455 1988 3518 locorum
2013 3473 2125 3520 conce·

1372 3548 1505 3620 duntur,
1530 3549 1566 3610 ad
1590 3548 1796 3620 decennium,
1820 3549 1853 3611 in
1875 3549 1945 3614 foro
1961 3551 2127 3614 conscien-

1374 3641 1445 3714 tiae,
1470 3641 1616 3704 diversae
1639 3641 1802 3704 facultates
1828 3643 1850 3714 l,
1876 3641 1955 3717 16ος
1975 3630 2127 3706 ‘privile-

1374 3736 1423 3812 gia
1445 3744 1554 3798 contra
1575 3733 1703 3798 Ordinis
1724 3735 1777 3798 vel
1800 3735 1832 3798 S.
1857 3735 1948 3800 Sedis
1970 3739 2126 3801 constitu·

1374 3829 1476 3890 tiones
1498 3847 1513 3889 a
1536 3829 1756 3907 superioribus
1790 3830 1950 3908 religiosis
1975 3848 2126 3894 concessa

1372 3933 1565 3986 revocantur
1587 3923 1609 3996 l,
1633 3921 1711 4000 roo;
1734 3923 1881 3988 Caritatis
1903 3927 2127 4005 congregatio-

1373 4017 1420 4079 nis
1444 4016 1476 4078 S.
1499 4016 1650 4094 llippoliti
1682 4019 1915 4082 conflrmantnr
1946 4028 2062 4086 statuta
2087 4021 2125 4096 ΙΙ,

1373 4107 1451 4184 atto,
1475 4109 1632 4171 Beneficia
1654 4121 1686 4171 et
1708 4109 1806 4172 officia
1835 4111 2049 4174 saecularibus
2072 4115 2125 4177 vel

1373 4202 1577 4281 regularibus
1611 4203 1807 4282 presbyteris
1830 4205 1968 4268 conferri
1993 4217 2127 4282 possunt

1373 4299 1410 4360 ab
1433 4296 1609 4376 Episcopis,
1626 4311 1766 4372 quornm
1782 4298 2005 4372 iurisdictioni,
2022 4315 2126 4378 aeque

1373 4409 1407 4454 ac
1427 4391 1635 4469 superiorum
1659 4391 1790 4462 ordinis,
1809 4392 1975 4470 regulares
1991 4394 2127 4458 subesse

1373 4485 1492 4547 debent
1507 4485 1556 4557 ΙΙΙ,
1573 4483 1653 4560 t67;
1676 4485 1861 4549 Missinnum
1876 4485 2005 4564 collegii
2021 4487 2053 4550 S.
2066 4487 2126 4552 llo·

1373 4595 1427 4641 sac
1448 4579 1487 4641 de
1519 4581 1682 4641 erectione
1705 4579 1938 4658 chirographus
1964 4579 2127 4660 Hispania·

1374 4688 1447 4736 rum
1471 4673 1557 4750 regis
1579 4673 1790 4735 confirmatur
1812 4671 1862 4742 ΙΙΙ,
1886 4674 1915 4736 b.
1933 4707 1970 4721 -
1995 4674 2125 4757 hopele-

1375 4763 1495 4846 polltanl
1518 4767 1682 4828 seminarii
1706 4767 1826 4828 erectio
1847 4769 2069 4843 confirmatur,
2093 4779 2127 4834 et

1374 4860 1511 4924 alumnis
1534 4861 1720 4923 conceditur
1743 4877 1835 4939 posse
1851 4861 1999 4938 graduari
2015 4866 2047 4926 in
2063 4853 2126 4928 lle·

1376 4957 1483 5019 sicana
1504 4957 1726 5027 universitate.
1741 4955 1886 5032 quamvis
1903 4966 1964 5022 etc.
1981 4957 2003 5030 l,
2020 4959 2078 5020 Edi
2095 4967 2127 5020 et

1374 5049 1444 5126 2673
1462 5051 1754 5113 Ecclesiasticorum
1771 5053 1980 5129 congregatio
1992 5051 2024 5115 S.
2038 5051 2126 5114 Petri

1374 5145 1607 5207 confirmantur
1633 5144 1876 5206 constitutiones
1899 5144 1921 5217 l,
1945 5143 2127 5222 26330011-

1374 5239 1543 5300 firmantur
1565 5244 1680 5300 statuta
1703 5253 1759 5315 pro
1777 5239 1877 5300 tribus
1893 5240 2074 5304 seminariis
2088 5240 2124 5313 ll,

1375 5331 1453 5408 1703
1477 5331 1628 5394 lloniales
1649 5331 1739 5394 urbis
1761 5332 1793 5393 in
1809 5333 1952 5410 quinque
1968 5341 2127 5396 monaste-

1374 5427 1419 5488 ria
1441 5425 1594 5504 restringi
1616 5425 1769 5488 iubentur
1790 5425 1840 5498 ΙΙΙ,
1856 5425 1936 5504 624;
1967 5427 2127 5491 llioecesis

1373 5523 1504 5598 utrique
1526 5521 1613 5582 clero
1635 5523 1820 5584 conceditur
1836 5521 1973 5584 officium
1987 5528 2020 5584 et
2035 5522 2126 5584 llissa

1375 5615 1406 5678 S.
1430 5615 1554 5678 loannis
1576 5615 1796 5694 Nepomuceni
1812 5614 1863 5688 lV,
1880 5615 1937 5680 381
1959 5615 2012 5698 (V.
2030 5618 2125 5680 etiam

1373 5709 1629 5790 propagandae).
1643 5743 1680 5756 -
1704 5707 1948 5792 Euenos-hyces
1964 5711 2036 5774 urbi
2053 5729 2126 5774 cou-

1373 5805 1498 5868 ceditur
1532 5805 1620 5866 hlissa
1650 5806 1758 5867 votiva
1789 5805 1821 5869 S.
1845 5805 1969 5885 losephi
2000 5823 2057 5884 per
2078 5824 2126 5869 se·

1373 5907 1459 5980 ptem
1484 5900 1551 5963 dies
1568 5899 1703 5978 singulis
1721 5902 1809 5964 annis
1825 5900 1877 5976 ΙΙΙ,
1894 5899 1974 5979 387;
1991 5900 2024 5963 ln
2040 5901 2125 5966 dioc·
