4756 6994
308 585 361 640 An.
375 583 404 639 C.
419 581 487 638 ¹753
547 583 604 644 138
1048 597 1112 640 run.
1137 596 1229 641 rosr.
1254 596 1293 640 oe
1317 597 1345 640 r.
1371 595 1400 639 r.
1425 595 1508 641 rarus
1530 595 1551 639 1.
2121 575 2173 632 nn.
2188 575 2216 632 C.
2233 574 2310 630 1755

525 731 621 794 quam
644 715 714 786 luit,
739 715 861 792 gratiis,
885 714 1028 785 indultis,
1063 711 1275 791 exemptioni·
1301 717 1304 809 l
1332 712 1426 788 gulis,
1441 729 1521 789 quae
1536 713 1569 774 in
1584 713 1760 776 Clementis
1773 729 1806 774 ac
1819 712 1982 776 Benedicti
1994 728 2082 791 prae-

525 811 585 872 bus
613 815 646 872 et
676 807 855 888 privilegiis
888 807 971 869 dicto
1000 805 1110 868 Ordini
1139 807 1274 868 iratrum
1302 816 1304 900 q
1332 807 1536 870 decessorum
1566 807 1669 870 literis
1692 813 1725 868 et
1746 806 1960 869 declaratione
1993 822 2081 884 prae·

525 904 783 966 praedicatorum
805 907 878 962 ante
910 899 1275 962 enarratamssenedicti
1331 899 1402 962 latis
1425 917 1573 962 concessa
1595 908 1671 963 sunt
1698 916 1763 961 nou
1784 901 1926 974 obstare3
1950 901 2080 963 ceteris-

525 995 781 1076 praedecessoris
809 992 1073 1055 constitutionem
1103 991 1273 1063 concessis,
1332 1007 1395 1070 que
1424 993 1593 1056 contrariis
1622 993 1892 1071 quibuscumque.
1924 993 2082 1058 Volumus

526 1090 715 1169 praesertim
748 1094 897 1165 respectu
931 1087 1067 1148 duarum
1100 1085 1275 1164 processio·
1332 1096 1462 1160 autem,
1487 1094 1523 1148 ut
1552 1089 1768 1165 praesentium
1795 1087 1963 1150 literarum
1997 1095 2081 1150 tran-

527 1200 604 1245 num
636 1181 839 1252 huiusmodi,
871 1180 998 1256 aliquod
1028 1180 1079 1242 vel
1103 1179 1274 1242 minimum
1332 1181 1469 1258 sumptis
1498 1196 1556 1242 seu
1578 1179 1745 1258 exemplis,
1778 1181 1872 1242 etiam
1903 1181 2079 1264 impressis,

527 1293 684 1356 generare
714 1275 962 1354 praeiudicium:
995 1274 1068 1335 binc
1100 1281 1158 1345 cst,
1190 1274 1274 1349 quod
1332 1289 1429 1335 manu
1451 1274 1584 1336 alicuius
1607 1275 1722 1336 notarii
1750 1274 1868 1352 publici
1894 1274 2080 1353 subscriptis

525 1385 584 1434 nos
608 1371 680 1432 lites
702 1378 734 1432 et
748 1369 984 1432 controversias
1007 1367 1160 1446 praelatas
1176 1383 1193 1428 e
1209 1382 1275 1428 me·
1332 1375 1365 1428 et
1385 1368 1492 1445 sigillo
1515 1384 1671 1446 personae
1693 1368 1725 1431 iu
1747 1369 1957 1431 ecclesiastica
1980 1369 2082 1446 digni-

526 1466 578 1528 dic
592 1465 718 1534 tollere,
732 1477 908 1540 earumque
922 1463 1120 1524 occasionem
1134 1461 1275 1537 ecquod·
1333 1467 1396 1522 tate
1418 1461 1611 1522 constitutae
1633 1462 1781 1535 munitis,
1806 1465 1918 1526 eadem
1951 1479 2081 1541 prorsus

525 1560 574 1620 vis
606 1559 690 1621 aliud
726 1558 759 1618 in
790 1555 972 1635 praemissis
1005 1555 1273 1634 impedimentum
1331 1555 1411 1616 fides
1434 1555 1465 1615 in
1488 1555 1605 1616 iudicio
1627 1561 1659 1616 et
1674 1561 1763 1616 extra
1778 1557 1977 1628 adhibeatur,
2001 1571 2082 1634 quae

526 1654 721 1716 submovere
744 1651 920 1729 cupientes,
956 1665 1100 1711 necnon
1122 1647 1274 1710 Ordinem
1332 1646 1552 1725 praesentibus
1575 1646 1651 1724 ipsis
1673 1648 1903 1721 adhiberetur,
1927 1650 1953 1710 si
1976 1649 2083 1711 forent

526 1755 558 1810 et
580 1747 693 1808 iratres
717 1744 894 1824 praedictos
906 1743 1097 1822 specialibus
1112 1741 1275 1804 favoribus
1332 1741 1492 1804 exhibitae
1515 1741 1568 1803 vel
1589 1747 1746 1803 ostensae.

527 1849 559 1902 et
581 1839 690 1917 gratiis
713 1836 866 1916 prosequi
888 1836 1045 1906 volentes,
1066 1836 1275 1914 ipsorumque
1371 1835 1484 1896 Datum
1507 1834 1642 1908 Romae,
1667 1836 1749 1913 apud
1776 1835 1808 1898 S.
1832 1837 1961 1900 llariam
1992 1839 2082 1902 blain-

526 1935 662 1996 iratrum
690 1931 870 2010 singulares
899 1946 1047 2008 personas
1070 1947 1086 1990 a
1108 1927 1275 2006 quibusvis
1332 1945 1414 2000 rem,
1439 1929 1497 1991 sub
1519 1929 1638 1990 annulo
1660 1929 1838 2002 PiscatoriS,
1863 1932 1913 1994 die
1943 1949 1974 1993 x.
2002 1934 2082 2011 apri-

528 2025 887 2098 excommunicationis,
920 2023 1140 2102 suspensionis
1170 2029 1202 2084 et
1229 2021 1275 2083 in·
1332 2023 1370 2084 lis
1393 2037 1611 2095 uoccxnxru,
1630 2023 1831 2100 pontificatus
1847 2025 1948 2086 nostri
1963 2042 2014 2086 an.
2032 2043 2080 2088 ur.

527 2121 653 2182 terdicti
683 2119 816 2196 aliisque
848 2116 1066 2180 ecclesiasticis
1094 2115 1273 2187 sententiis,

527 2214 672 2276 censuris
695 2221 726 2274 et
747 2211 870 2290 poenis,
887 2227 903 2271 a
921 2210 990 2270 iure
1005 2211 1058 2272 vel
1077 2210 1114 2278 ab
1130 2207 1273 2280 bomine,
1577 2227 1843 2234 --“---

528 2308 639 2383 quavis
669 2305 833 2368 occasione
855 2305 907 2367 vel
936 2321 1027 2366 causa
1054 2304 1135 2374 latis,
1159 2303 1184 2364 si
1208 2303 1275 2380 qui-

527 2400 587 2462 bus
609 2398 852 2477 quomodolibet
873 2398 1042 2460 innodatae
1065 2397 1219 2468 existunt,
1238 2397 1275 2458 ad
1674 2402 1739 2465 vll,

528 2495 677 2554 ellectum
714 2491 932 2569 praesentium
968 2491 1132 2553 dumtaxat
1167 2507 1276 2552 conse-

528 2587 711 2663 quendum,
750 2586 863 2646 barum
896 2585 980 2646 serie
1011 2584 1214 2646 absolventes
1245 2591 1277 2646 et
1362 2588 1490 2669 Collegit
1506 2589 1682 2668 Anqloratm
1697 2589 1734 2652 dc
1751 2588 1828 2654 Urbe
1845 2592 2053 2662 visitationes,

527 2680 686 2742 absolutas
708 2679 776 2741 lore
799 2687 979 2750 censentes,
996 2678 1190 2756 supradictas
1208 2677 1278 2739 Cle·
1346 2701 1418 2746 cam
1442 2681 1656 2762 facoltatibus
1681 2686 1885 2764 opportunis,
1915 2687 2067 2749 decernit.

529 2773 645 2836 mentis
667 2779 699 2834 et
720 2773 883 2835 Benedicti
906 2773 1187 2850 praedecessorum
1208 2772 1277 2833 lite-

528 2883 589 2938 ras,
606 2868 790 2944 editamque
811 2868 848 2928 ab
871 2867 985 2930 eodem
1001 2867 1172 2929 Benedicta
1189 2883 1277 2946 prae·
1334 2869 1459 2935 clectis
1482 2867 1556 2934 liliis
1580 2869 1692 2935 nostris
1714 2867 1813 2936 loanni
1831 2873 1960 2939 Antonio
1976 2875 2011 2939 de
2029 2874 2082 2941 ilia

529 2962 696 3023 decessore
718 2960 976 3032 declarationem,
995 2961 1097 3037 quoad
1114 2961 1190 3022 duas
1206 2977 1277 3038 pro·
1373 2981 1410 3028 ac
1433 2963 1587 3029 Dominico
1617 2961 1724 3028 ilitera
1747 2961 1781 3027 S.
1806 2963 1841 3030 il.
1867 2966 1900 3030 Ε.
1930 2969 2083 3050 presbyte-

529 3055 690 3116 cessiones
712 3053 896 3132 publicasve
920 3054 1167 3132 supplicationes
1190 3070 1278 3132 prae·
1374 3058 1415 3124 ris
1437 3055 1645 3122 cardinalibus
1669 3060 1861 3140 nuncupatis,

529 3147 615 3218 latas,
639 3163 712 3210 curn
735 3147 883 3210 omnibus
899 3154 931 3210 et
945 3148 1093 3225 singulis,
1107 3149 1139 3209 in
1155 3147 1277 3210 eisdem
1303 3161 1306 3231 1

529 3242 631 3304 literis
661 3249 693 3304 et
721 3241 934 3304 declaratione
965 3242 1124 3319 dispositis
1146 3248 1178 3303 et
1205 3259 1278 3305 con·
1534 3242 1720 3309 extiteris
1745 3243 1803 3312 ΡΡ.
1828 3245 1884 3314 ΧΙΙ.

529 3337 643 3406 tentis,
677 3337 864 3396 auctoritate
894 3336 1064 3414 apostolica
1094 3337 1206 3398 irarum
1230 3355 1278 3398 sc-

530 3430 577 3491 rie
609 3429 832 3508 approbamus,
866 3430 1094 3491 confirmamus
1125 3437 1158 3490 et
1187 3396 1305 3508 inno-i
1550 3429 1656 3496 Dilecti
1679 3431 1733 3497 lilii
1758 3435 1867 3512 nostri,

530 3539 654 3595 ramus,
669 3523 797 3600 illisque
812 3521 1005 3583 inviolabilis
1020 3524 1210 3596 apostolicae
1226 3525 1278 3586 sir·
1304 3525 1306 3604 l
1367 3525 1495 3591 salutem
1520 3529 1551 3590 el
1573 3526 1770 3606 apostolicam
1795 3529 2047 3596 benedictionem.

531 3618 649 3680 mitatis
673 3617 772 3680 robur
794 3616 970 3689 adiicimus,
995 3615 1102 3679 acilia
1128 3618 1278 3697 deinceps

531 3721 641 3775 exacte
660 3710 824 3773 observari
837 3715 932 3786 atque
948 3711 1128 3774 executioni
1149 3711 1278 3773 deman·
1374 3713 1460 3776 lnter
1477 3714 1678 3790 gravissimas
1695 3717 1858 3792 apostolici
1872 3719 2016 3780 muneris
2028 3737 2083 3782 no·

531 3807 609 3878 dari,
631 3805 741 3867 eadem
764 3802 961 3874 auctoritate,
990 3811 1103 3866 tenore
1131 3821 1278 3882 praesen·
1334 3807 1391 3868 stri
1415 3823 1505 3869 curas
1527 3823 1592 3894 non
1615 3809 1901 3884 praetermittimus
1927 3811 1966 3872 de
1989 3812 2083 3874 colle-

531 3904 624 3972 tium,
651 3899 863 3977 praecipimus
885 3904 917 3959 et
938 3899 1136 3960 mandamus.
1165 3899 1279 3961 Decer—
1336 3901 1464 3978 giorum
1493 3901 1725 3978 quorumlibet,
1749 3917 1808 3978 pro
1829 3911 1914 3964 recta
1936 3904 2085 3967 iuventu-

531 4003 645 4058 nentes
668 3999 852 4072 praesentes
875 3991 983 4052 literas
1006 4007 1135 4070 semper
1157 3993 1277 4066 firmas,
1336 3995 1373 4054 tis
1403 3993 1606 4056 institutione
1634 3995 1671 4056 ad
1699 3994 1755 4056 llei
1782 3993 1917 4071 gloriam
1945 3997 2084 4075 fideique

532 4089 650 4150 validas
673 4093 705 4148 et
733 4085 873 4148 efficaces
889 4085 1029 4146 existere
1045 4092 1077 4146 et
1093 4085 1173 4156 lore,
1190 4102 1280 4147 siros·
1335 4087 1507 4148 catholicae
1529 4087 1808 4148 conservationem
1832 4094 1864 4150 et
1887 4091 2085 4168 propagatio-

531 4199 595 4260 que
624 4181 783 4260 plenarios
817 4187 849 4240 et
876 4179 1021 4254 integros
1050 4179 1181 4240 ellectus
1213 4197 1280 4242 sor·
1306 4185 1308 4205 ¹
1336 4181 1620 4253 nem,aRcmanis
1636 4181 1842 4244 Pontificibus
1862 4185 2085 4260 praedecesso-

532 4277 584 4338 tiri
607 4283 639 4338 et
661 4275 825 4344 obtinere,
855 4290 888 4335 ac
918 4271 1046 4334 Ordinis
1075 4279 1107 4333 et
1128 4273 1279 4336 iratribus
1336 4277 1424 4338 ribus
1447 4275 1563 4337 nostris
1586 4275 1773 4352 praesertim
1788 4275 1821 4336 in
1836 4277 1916 4338 alma
1933 4277 2014 4340 urbe
2030 4295 2086 4340 no-

532 4369 700 4448 praedictis
732 4367 887 4443 aliisque,
922 4367 959 4427 ad
993 4381 1072 4443 quos
1100 4375 1222 4445 spectat
1249 4375 1281 4430 ct
1335 4377 1400 4432 stra
1432 4370 1482 4447 pie
1510 4369 1754 4446 prudenterque
1782 4375 1978 4444 erectorum,
2002 4379 2085 4434 statu

531 4479 589 4542 pro
611 4471 758 4539 temporo
773 4460 937 4538 spectabit,
955 4460 987 4520 in
1011 4461 1161 4522 omnibus
1176 4468 1208 4524 et
1223 4477 1279 4540 per
1336 4478 1491 4540 prospere
1510 4461 1665 4538 esigendo
1687 4462 1839 4538 cogitare,
1857 4481 1891 4525 ac
1915 4479 2086 4542 quaecum-

532 4556 638 4618 omnia
671 4554 855 4632 plenissime
886 4553 1071 4630 suflragari,
1106 4555 1215 4632 sicque
1247 4556 1280 4616 iu
1337 4573 1399 4633 que
1415 4557 1450 4617 ad
1468 4556 1498 4616 id
1514 4556 1691 4618 necessaria
1708 4563 1740 4617 et
1755 4565 1935 4635 opportuna
1950 4559 2019 4622 iore
2035 4577 2085 4624 co-

532 4647 715 4726 praemissis
745 4663 802 4725 per
831 4660 1053 4724 quoscumque
1080 4647 1200 4709 iudices
1231 4665 1280 4710 or·
1337 4649 1532 4727 gnoscimus,
1550 4649 1654 4710 iacere
1676 4655 1709 4711 et
1724 4651 1883 4723 ordinare,
1901 4661 1998 4730 prout
2013 4671 2086 4716 con-

532 4742 672 4815 dinarios
688 4747 720 4804 et
735 4741 910 4816 delegatos,
929 4741 1024 4802 etiam
1040 4757 1207 4803 causarum
1230 4757 1281 4819 pa·
1336 4743 1489 4822 spicimus
1510 4743 1541 4802 in
1564 4743 1700 4804 Domino
1725 4742 1898 4806 salubriter
1920 4748 2083 4824 expedire.

531 4837 598 4900 latii
620 4835 783 4914 apostolici
808 4834 969 4895 auditores
994 4851 1028 4895 ac
1051 4833 1081 4896 S.
1100 4833 1135 4896 lt.
1153 4835 1188 4896 E.
1207 4835 1280 4898 Car·
1376 4839 1395 4912 g
1419 4837 1445 4897 l.
1470 4836 1578 4912 ltaque
1601 4837 1757 4914 spirituali
1774 4839 2009 4917 temporalique
2024 4843 2086 4903 uti-

533 4931 673 5000 dinales,
705 4928 801 4990 etiam
824 4928 863 4988 de
892 4925 992 4989 latere
1014 4927 1150 5006 Legatos
1178 4927 1280 4991 Sedis·
1337 4929 1418 4992 litati
1440 4929 1567 5006 collegii
1583 4929 1763 5007 Anglorum
1779 4933 1818 4994 de
1833 4933 1914 4995 urbe
1935 4934 2083 5012 praelata,

533 5041 596 5101 que
618 5021 818 5101 apostolicae
840 5020 996 5093 Nuncios,
1021 5021 1140 5084 aliosve
1162 5023 1281 5099 quosli-
1337 5024 1428 5086 cuius
1450 5039 1525 5086 cura
1548 5023 1670 5086 dilectis
1693 5025 1766 5087 tiliis
1789 5026 1912 5089 clericis
1935 5043 1992 5089 seu
2014 5045 2084 5106 pre·

533 5118 597 5188 bet,
624 5130 827 5194 quacumque
854 5116 1104 5193 praeeminentia
1137 5125 1169 5179 et
1194 5124 1282 5196 pote·
1338 5117 1477 5196 sbyteris
1509 5117 1713 5194 regularibus
1741 5117 1907 5182 Societatis
1937 5119 2008 5183 lesu
2034 5138 2103 5184 au·-

532 5216 612 5272 state
634 5208 808 5286 iungentes
833 5225 867 5270 ac
888 5207 1067 5280 iuncturos,
1091 5209 1213 5272 sublata
1235 5211 1281 5272 eis
1337 5209 1483 5272 ctoritate
1511 5209 1679 5287 apostolica
1702 5212 1889 5274 demandata
1911 5214 2085 5293 reperitur,

533 5310 700 5366 eteorum
722 5301 855 5364 cuilibet
875 5303 987 5378 quavis
1009 5301 1101 5363 aliter
1123 5303 1282 5366 iudicandi
1338 5309 1494 5380 quantum
1523 5303 1615 5365 nobis
1638 5319 1678 5364 ex
1699 5303 1762 5364 alto
1791 5307 1992 5378 conceditur,
2017 5321 2088 5384 pro-

533 5405 566 5460 et
586 5396 819 5475 interpretandi
849 5394 998 5458 facultate
1021 5403 1053 5457 et
1074 5396 1279 5469 auctoritate,
1337 5397 1450 5458 videre
1482 5397 1665 5475 cupientes,
1699 5413 1733 5458 ac
1761 5397 1800 5460 de
1831 5399 2088 5478 circumspectio-

532 5491 664 5555 indicari
687 5497 718 5552 et
740 5489 867 5552 deliniri
890 5489 1019 5561 debere,
1044 5507 1078 5552 ac
1099 5490 1227 5551 irritum
1251 5497 1283 5551 et
1338 5506 1416 5551 num
1444 5499 1627 5552 vestrarum
1657 5491 1730 5563 tide,
1755 5493 1934 5569 prudentia,
1959 5493 2085 5570 pietate,

532 5587 638 5658 inane,
656 5586 682 5646 si
698 5601 790 5647 secus
805 5599 904 5662 super
920 5584 969 5644 bis
985 5601 1001 5644 a
1016 5599 1189 5661 quoquam,
1208 5599 1282 5660 qua·
1338 5583 1482 5645 doctrina
1514 5583 1810 5663 ecclesiasticaeque
1841 5586 2025 5664 disciplinae
2056 5593 2089 5647 et

533 5679 581 5740 vis
609 5679 814 5750 auctoritate,
845 5679 985 5739 scienter
1014 5677 1066 5738 vel
1094 5678 1282 5754 ignoranter
1338 5677 1510 5739 catholicae
1539 5677 1708 5754 religionis
1730 5678 1801 5740 zelo
1823 5679 1951 5756 plenam
1974 5680 2006 5740 in
2030 5679 2088 5740 Do·
2170 5699 2172 5703 ·

533 5771 707 5849 contigerit
721 5771 882 5833 attentari.
899 5770 970 5832 Non
983 5770 1181 5832 obstantibus
1195 5785 1282 5848 prae·
1339 5771 1427 5833 mino
1450 5771 1596 5834 fiduciam
1621 5771 1785 5844 babentes,
1807 5784 1864 5833 vos
1880 5772 2011 5850 praelati
2027 5771 2088 5835 col·

533 5865 639 5926 missis
661 5882 695 5927 ac
717 5864 1000 5927 constitutionibus
1022 5872 1054 5926 et
1076 5865 1282 5928 ordinationi·
1338 5864 1414 5942 legii
1443 5872 1570 5927 nostros
1592 5874 1624 5929 et
1646 5865 1846 5943 apostolicae
1869 5865 1960 5928 Sedis
1982 5867 2088 5928 visita·

533 5958 592 6020 bus
614 5957 802 6037 apostolicis,
826 5973 970 6020 necnon
994 5959 1143 6020 omnibus
1166 5964 1197 6020 et
1218 5958 1282 6020 sin·
1339 5965 1425 6020 tores
1451 5974 1524 6020 cum
1547 5957 1748 6021 facultatibus
1771 5961 1959 6024 necessariis
1981 5968 2014 6023 et
2035 5977 2089 6040 op-
