4836 7002
335 579 386 636 dm
400 579 428 636 G.
443 577 512 636 itud
570 578 627 642 {98

548 715 648 777 latum
670 732 686 776 a
707 715 834 777 Gbristo
858 713 1004 789 Domino,
1028 715 1116 778 nulla
1137 715 1294 787 locorum,

548 809 636 870 nulla
658 816 841 886 temporum
865 809 1023 880 conditio,
1048 808 1157 872 nullus
1187 809 1298 869 buma-

548 917 662 964 narum
694 918 804 965 rerum
838 909 1012 982 respectus,
1037 903 1124 966 nulla
1156 903 1297 979 denique

549 995 628 1058 ratio
650 996 913 1059 circumscribere
935 1005 988 1058 aut
1009 996 1208 1074 suspendere
1231 1003 1297 1074 pot-

549 1101 608 1160 est,
625 1090 797 1166 quominus
821 1090 905 1153 idem
921 1089 1081 1152 Romanus
1097 1089 1245 1152 Pontifex
1260 1090 1297 1152 ad

550 1198 663 1245 omnes
685 1182 828 1245 eiusdem
852 1184 944 1245 officii
967 1191 1073 1260 partes
1095 1182 1183 1244 nulla
1205 1198 1245 1244 ex
1260 1183 1299 1243 iis

550 1275 791 1354 praetermissa,
817 1276 903 1338 nulla
926 1275 1089 1353 neglecta,
1113 1291 1204 1338 curas
1226 1293 1298 1337 suas

549 1369 691 1447 dirigere
714 1369 837 1442 debeat,
857 1379 952 1447 atque
968 1369 1117 1432 omnibus
1133 1371 1300 1432 incurren-

551 1463 634 1524 tibus
656 1463 689 1524 in
704 1461 843 1524 Ecclesia
861 1463 1099 1525 necessitatibus
1114 1462 1297 1540 providere.

549 1555 668 1616 Harum
692 1556 829 1633 partium
853 1556 938 1617 inter
967 1556 1149 1634 praecipuas
1177 1562 1298 1635 postre-

550 1663 600 1709 ma
622 1663 687 1709 non
710 1655 759 1709 est
779 1647 988 1725 negatarum
1010 1646 1166 1711 Ordinum
1188 1663 1300 1726 appro-

550 1741 697 1803 batorum
719 1740 757 1803 ab
779 1741 957 1820 apostolica
980 1740 1062 1804 Sede
1091 1741 1223 1804 tutelam
1247 1758 1301 1819 ge·

549 1953 586 1998 nii
608 1966 685 2001 xxru.
707 1956 863 2014 pariterque
885 1957 998 2004 alterins
1017 1956 1121 2014 collegii
1143 1958 1169 2004 in
1191 1957 1299 2002 civitate

548 2023 701 2078 Mantuano,
722 2028 804 2068 const.
820 2025 873 2070 alia
891 2025 952 2070 anni
971 2024 1089 2070 eiusdem
1105 2024 1152 2070 iul.
1168 2036 1210 2070 xv.
1228 2025 1299 2076 Quod

550 2088 682 2144 religiosis
698 2090 778 2136 huius
793 2093 941 2144 Societatis,
957 2091 1038 2136 etiam
1061 2091 1143 2136 sacris
1162 2091 1299 2138 ordinibus

550 2165 601 2200 troo
624 2155 748 2212 initiatis,
765 2158 932 2214 praedicandi
950 2158 1059 2203 verbum
1074 2159 1118 2202 bei
1137 2159 1248 2206 facultas
1263 2171 1300 2205 es·

549 2227 602 2276 set,
623 2224 751 2268 concessit
773 2225 890 2269 Pontifex
913 2225 980 2270 idern
1002 2229 1083 2270 const.
1100 2224 1162 2272 anni
1181 2226 1298 2272 eiusdem

550 2301 605 2336 nov.
623 2302 666 2336 xx.
683 2290 880 2336 institutionem
901 2293 1113 2349 ccrrgregationis
1129 2293 1177 2338 sub
1199 2298 1299 2338 iuvoca-

550 2357 620 2402 tione
635 2359 849 2404 annunciationis
860 2363 884 2404 B.
898 2363 928 2404 bl.
940 2363 966 2403 v.
982 2372 1029 2418 pro
1039 2361 1205 2406 scholaribus
1215 2365 1299 2406 exter·

549 2425 589 2470 nis
604 2425 708 2480 collegii
724 2427 862 2471 societatis
878 2430 935 2472 lesu
946 2427 978 2472 de
988 2427 1063 2478 Urbe,
1072 2428 1228 2484 approbavit
1239 2431 1299 2473 Pon·

549 2493 612 2537 tifex
628 2492 697 2536 idern
712 2499 794 2537 const.
805 2493 867 2536 anni
883 2494 1001 2538 eiusdem
1017 2495 1069 2539 dec.
1086 2507 1110 2540 v.
1126 2495 1246 2540 Studium
1259 2507 1300 2552 ge·

549 2559 640 2602 nerale
655 2559 681 2602 in
696 2559 790 2616 oppido
800 2561 939 2604 Graecensi
950 2560 1160 2616 salisburgensis
1173 2561 1299 2606 dioecesis

548 2624 703 2681 approbavit
719 2625 808 2670 sixtus
824 2629 851 2668 v.
866 2631 949 2671 const.
964 2627 1185 2672 annimntxxxv.
1203 2628 1265 2672 maii
1281 2641 1297 2674 1.

549 2696 672 2748 itemque·
690 2691 892 2738 universitatem
914 2693 1064 2738 studiorum
1086 2695 1252 2750 generalium
1273 2699 1300 2740 et

548 2758 652 2815 collegii
670 2759 697 2803 ln
711 2759 805 2816 oppido
821 2761 1019 2816 Mussipoutuno
1035 2761 1157 2806 Meteusis
1172 2761 1299 2806 dioecesis

548 2831 630 2870 const.
642 2825 696 2870 alia
706 2825 823 2870 eiusdem
836 2827 968 2872 Pontificis
983 2827 1046 2872 anni
1057 2838 1194 2873 uotxxxv.
1207 2829 1270 2874 maii
1281 2841 1298 2874 1.

548 2895 703 2948 congregat.
720 2891 768 2936 sub
784 2893 946 2938 invocatione
961 2893 1174 2939 annunciationis
1188 2897 1215 2938 B.
1227 2897 1257 2939 bl.
1271 2899 1298 2938 v.

549 2971 596 3016 pro
611 2959 777 3004 scholaribus
799 2963 916 3005 externis
931 2961 1019 3004 studio
1041 2961 1145 3017 collegii
1161 2962 1300 3007 societatis

549 3030 606 3072 iesu
622 3025 653 3071 de
671 3026 737 3071 Urbe
751 3026 865 3072 addictis
886 3029 1069 3084 approbatam,
1084 3029 1116 3072 ad
1131 3029 1199 3074 alios
1218 3030 1299 3074 etiarn

549 3103 601 3137 non
621 3093 759 3138 studentes
782 3093 900 3137 extendit
921 3093 1037 3138 Pontifex
1054 3093 1122 3138 idem
1139 3099 1221 3141 const.
1237 3097 1299 3140 antri

548 3169 697 3204 mntxxxvr.
720 3158 770 3204 ian.
787 3171 811 3204 v.
828 3159 970 3215 Privilegia
990 3163 1016 3204 et
1033 3160 1172 3206 facultates
1194 3173 1300 3220 praepo·

548 3227 601 3270 sito
615 3225 733 3282 generali
750 3231 776 3270 et
797 3226 960 3282 presbyteris
976 3225 1056 3270 hrains
1076 3227 1224 3280 societatis,
1242 3230 1301 3274 inis·

549 3293 636 3337 siones
655 3293 680 3338 in
698 3293 778 3337 indiis
796 3292 987 3346 exercentibus,
1005 3293 1058 3338 iam
1079 3294 1147 3339 alias
1163 3307 1300 3341 concessas

548 3360 717 3405 confirmavit
739 3363 765 3404 et
780 3361 812 3404 ad
833 3359 906 3404 aliud
923 3363 1026 3416 tempus
1048 3362 1166 3405 extendit
1181 3362 1300 3408 Pontifex

549 3426 617 3473 idem
640 3433 722 3472 const.
738 3427 801 3472 anni
822 3438 983 3472 nntxxxvrr.
1000 3427 1091 3472 martii
1114 3439 1181 3482 xiv.;
1203 3441 1299 3486 easque

549 3493 648 3538 iterum
659 3493 827 3538 confirmavit
841 3498 868 3537 et
878 3493 997 3538 extendit
1012 3495 1154 3548 Gregorius
1169 3497 1231 3540 xlv.
1242 3508 1301 3542 con-

549 3561 636 3606 stitut.
653 3561 715 3605 anni
736 3569 827 3604 unxcr.
844 3564 952 3615 septu.
975 3560 1180 3605 Universitatem
1202 3563 1301 3608 studio·

550 3637 610 3672 rum
633 3627 798 3680 generalium
823 3627 848 3670 in
864 3627 975 3683 collegio
996 3627 1135 3672 araucensi
1157 3628 1231 3684 prius
1246 3629 1299 3675 iam

549 3699 647 3748 erecto,
668 3693 823 3750 approbavit
845 3693 935 3738 Sixtns
951 3697 978 3738 V.
999 3693 1076 3750 eique
1098 3695 1218 3740 redditus
1238 3697 1301 3742 assi·

549 3760 643 3816 gnavlt
664 3769 690 3804 et
715 3759 853 3816 privilegia
879 3761 1008 3806 concessit
1029 3765 1111 3807 const.
1133 3763 1195 3806 artui
1219 3774 1300 3808 unxc.

549 3828 601 3872 ian.
618 3839 635 3872 ι.
651 3831 721 3878 Quae
737 3827 763 3871 in
778 3827 1013 3872 constitutionibus
1028 3829 1168 3874 societatis
1182 3832 1239 3875 lesu
1251 3835 1301 3876 sta·

550 3899 666 3940 tuuntur
687 3894 757 3944 circa
772 3894 931 3938 novitiorum
954 3894 1129 3940 admissiones
1144 3901 1169 3940 et
1185 3897 1302 3953 superio·

550 3973 609 4006 runt
625 3961 776 4014 electiones,
790 3961 957 4006 confirmavit
974 3967 1000 4006 et
1015 3973 1208 4020 quanicumque
1231 3964 1302 4009 inno·

550 4029 680 4074 rationem
697 4029 834 4086 prohibuit
849 4030 993 4085 Gregorius
1009 4031 1069 4074 xlv.
1086 4031 1225 4076 constitut.
1238 4031 1301 4076 anni

550 4107 641 4142 naxos.
658 4097 721 4142 riraii
741 4097 943 4142 infestantum
966 4103 992 4141 et
1012 4097 1168 4154 religionem
1190 4100 1303 4146 societa-

550 4165 584 4208 tis
595 4167 662 4214 lesu.
673 4171 732 4208 cum
744 4163 894 4220 aliquarum
906 4163 1138 4220 impugnationum
1150 4166 1301 4222 reiectione,

549 4231 705 4288 approbavit
715 4236 810 4288 quarto
826 4231 943 4276 Pontifex
956 4231 997 4275 hic
1011 4237 1093 4276 const.
1105 4233 1167 4278 anni
1183 4234 1300 4278 eiusdem

550 4299 616 4344 iunii
632 4311 726 4344 xxurn.
739 4302 770 4344 Ut
787 4299 902 4345 Societas
913 4300 977 4344 haec
992 4301 1105 4345 novitios
1116 4301 1231 4346 retinere
1247 4315 1300 4357 pos·

550 4373 599 4422 set,
609 4377 660 4412 non
676 4371 782 4412 servata
798 4367 881 4411 forma
895 4367 1096 4412 constitutionis
1112 4367 1179 4412 sixti
1194 4372 1231 4422 V,
1246 4381 1303 4414 con-

549 4433 629 4478 cessit
647 4433 790 4489 Gregorius
805 4435 866 4478 xtll.
882 4437 965 4478 const.
981 4433 1043 4480 anni
1067 4435 1184 4479 eiusdem
1200 4447 1261 4491 ang.
1277 4447 1303 4482 x.

550 4501 715 4546 Facultatem
739 4501 859 4557 patribus
880 4503 961 4546 hrrius
981 4502 1121 4548 societatis
1140 4501 1303 4548 indultama

550 4568 618 4613 lulio
633 4571 676 4612 ill.
691 4567 844 4614 absolvendi
858 4569 891 4612 ab
902 4568 1006 4614 haeresi
1022 4569 1047 4612 iu
1065 4570 1153 4626 regnis
1169 4569 1304 4626 Hispania·

550 4646 620 4688 rrum,
632 4636 658 4680 ln
674 4635 772 4692 quibus
781 4634 893 4679 officium
910 4639 934 4679 S.
946 4635 1130 4692 inquisitionis
1141 4649 1191 4682 non
1203 4637 1304 4693 existit,

550 4701 1302 4760 revocavitclunensvtnconstanninoxcnrseprxxv.

551 4769 716 4815 erectionem
726 4770 831 4827 collegii
847 4781 906 4816 curn
924 4770 1098 4816 universitate
1114 4773 1262 4818 studiorum
1275 4773 1302 4818 in

549 4838 657 4883 civitate
673 4839 897 4884 Gornmutaviensi
913 4839 1040 4884 dioecesis
1056 4842 1195 4896 pragensis
1210 4839 1303 4886 confir-

551 4904 633 4950 mavit
644 4905 760 4950 Pontifex
776 4905 844 4950 idenr
860 4911 942 4951 corist.
954 4907 1016 4951 atini
1033 4919 1141 4952 uoxcrv.
1154 4919 1215 4963 aug.
1227 4919 1300 4954 xxix.

551 4977 669 5029 iternqne
681 4972 822 5030 collegium
835 4973 861 5018 in
872 4973 966 5030 oppido
977 4975 1007 5018 de
1018 4973 1089 5028 rixas,
1097 4975 1165 5020 alias
1176 4976 1206 5019 de
1215 4976 1241 5020 ia
1249 4977 1303 5022 Fle-

550 5041 607 5094 che,
622 5043 740 5084 erectum
763 5040 919 5096 approbavit
936 5040 1054 5086 Pontifex
1076 5041 1144 5086 idem
1161 5049 1243 5086 coust.
1260 5053 1304 5087 an·

551 5107 576 5150 ni
592 5118 682 5152 unctu.
695 5107 754 5152 iulii
770 5119 795 5152 x.
807 5108 913 5152 lesuitis
924 5107 1075 5153 Gituntinae
1090 5108 1208 5154 civitatis
1224 5110 1304 5154 inter·

550 5175 649 5220 dictum
672 5173 730 5228 fuit,
753 5187 784 5219 ne
805 5175 946 5221 facultates
969 5175 995 5220 in
1018 5175 1194 5221 universitate
1214 5177 1302 5233 oppidi

551 5242 628 5288 boiae
643 5241 696 5298 legi
713 5243 813 5296 solitas,
830 5242 856 5287 ln
871 5241 942 5288 dicta
956 5243 1065 5288 civitate
1080 5248 1188 5299 possent
1201 5244 1303 5300 docere,

550 5309 601 5354 nisi
618 5321 665 5365 pro
679 5309 735 5354 suls
750 5309 891 5365 religiosis,
907 5315 989 5355 coiret.
1007 5309 1078 5354 Pauli
1096 5313 1114 5352 v
1133 5311 1196 5356 anui
1212 5323 1302 5356 uocxr.

550 5373 617 5420 iunii
640 5385 706 5420 xvir.
722 5375 845 5420 Studium
865 5376 991 5432 generale
1007 5375 1031 5419 in
1052 5375 1163 5432 collegio
1179 5377 1305 5422 Paderbo·

551 5442 634 5497 riensi,
654 5449 772 5487 erectum
788 5443 955 5488 confirmavit
971 5443 1089 5488 Pontifex
1110 5443 1178 5487 idern
1197 5444 1300 5488 constit.

549 5509 613 5554 anui
628 5520 735 5554 uncxrv.
755 5509 849 5566 aprilis
865 5521 892 5554 ιι.
909 5513 1016 5556 Statuta
1033 5511 1161 5566 quaedam
1185 5521 1232 5566 pro
1249 5511 1304 5555 uni·

551 5577 678 5622 versitate
693 5577 842 5622 studiorum
861 5577 885 5622 in
902 5579 1041 5633 gyrnnasio
1057 5578 1197 5622 Viennensi
1212 5578 1304 5623 coufir-

552 5646 631 5688 rnavit
655 5643 772 5688 Pontifex
796 5645 863 5688 idem
883 5645 987 5690 constit.
1010 5645 1072 5690 aviiii
1094 5657 1206 5690 uncxvn
1236 5647 1305 5702 apri·

551 5709 584 5754 lis
600 5721 677 5754 xxix.
700 5711 835 5756 indultum
860 5712 987 5756 recitandi
1011 5713 1124 5756 officium
1148 5716 1174 5757 st
1195 5714 1302 5759 missam

551 5781 578 5820 Β.
595 5777 694 5833 aloysii
709 5783 828 5836 Gonzaga
844 5779 886 5825 die
902 5791 957 5824 xxr.
974 5780 1041 5824 iunii
1056 5781 1186 5826 concessit
1201 5783 1306 5837 reiigio-

551 5845 587 5890 ιιι
603 5845 683 5892 huius
704 5848 842 5893 societatis
864 5848 1008 5903 Gregorius
1023 5851 1073 5893 XV.
1089 5849 1227 5894 constitut.
1243 5849 1304 5894 anni

551 5924 661 5958 uncxxr.
681 5921 730 5958 oct.
749 5925 775 5959 ιι.
795 5917 891 5959 bortrus
908 5920 934 5959 et
953 5913 1065 5970 collegia
1086 5915 1226 5960 societatis
1246 5919 1303 5960 lesu

553 5979 580 6023 in
596 5979 686 6036 regnis
701 5979 824 6024 simarum
841 5985 867 6024 et
882 5979 1022 6037 lapponiae
1041 5980 1193 6036 existentia,
1206 5991 1223 6026 a
1237 5979 1305 6026 solu·

1068 597 1133 642 lUR.
1158 595 1249 641 ΡΟΝΤ.
1274 595 1314 640 oft
1336 594 1366 639 P.
1390 593 1421 640 P.
1444 595 1528 639 PARS
1549 595 1571 640 l.

1352 727 1437 785 rere,
1461 729 1495 774 ac
1523 711 1660 777 fortibus
1683 713 1807 790 piisque
1828 712 1926 784 viris,
1957 713 2011 790 qui
2044 712 2103 772 eis·

1352 806 1426 868 dem
1451 805 1656 882 regularibus
1678 803 1850 869 Ordinibus
1871 821 1942 867 sese
1963 805 2103 866 solemni

1350 898 2102 974 sacramentoaddixernutsuamqueprotuen-

1353 992 1390 1054 da
1406 999 1506 1076 atque
1527 991 1745 1070 amplificanda
1770 991 1922 1052 catholica
1945 991 2103 1068 religione

1352 1101 1495 1164 agroque
1530 1085 1695 1148 Dominico
1728 1085 1905 1147 excolendo
1937 1091 2101 1146 strenuam

1354 1195 1484 1257 operam
1506 1180 1716 1256 impendunt,
1740 1177 1934 1242 alacritatem
1964 1179 2099 1250 addere,

1353 1281 1386 1334 et
1406 1273 1530 1334 animos
1552 1273 1720 1349 languidos
1743 1279 1775 1332 et
1796 1272 1942 1334 infirmos
1962 1273 2100 1334 excitare

1353 1372 1386 1428 at
1401 1365 1620 1438 corroborare,
1635 1365 1811 1429 iacentibus
1826 1364 2013 1441 afflictisque
2029 1381 2102 1427 con·

1353 1460 1543 1523 solationem
1566 1459 1691 1532 afferre,
1717 1459 1886 1537 praecipue
1902 1473 1979 1520 vero
1995 1459 2032 1519 ab
2047 1458 2104 1520 lic·

1354 1553 1457 1622 alesia,
1479 1553 1553 1614 fidei
1575 1568 1651 1615 suae
1673 1559 1705 1614 et
1726 1552 1885 1614 custodiae
1907 1552 2099 1622 concredita,

1355 1647 1461 1708 omnia
1484 1661 1565 1723 quae
1586 1646 1619 1708 in
1640 1645 1821 1708 animarum
1843 1645 1969 1706 ruinam
1985 1645 2018 1706 in
2034 1645 2101 1706 dies

1355 1740 1567 1802 suboriuntur
1588 1739 1732 1801 scandala
1754 1737 1961 1800 submovere.

1355 1953 1426 2002 tiobe
1441 1955 1605 2002 decimarum
1621 1955 1744 2012 parochis
1759 1959 1785 2000 et
1799 1955 1861 2000 aliis
1876 1955 1994 2000 ecclesiis
2007 1957 2105 2002 exemit

1355 2023 1470 2069 Pontifex
1493 2023 1561 2068 idem
1583 2027 1665 2068 const.
1680 2023 1743 2068 arani
1766 2033 1887 2068 uncxxu.
1907 2030 1964 2067 nov.
1981 2035 2005 2068 v.
2026 2024 2106 2069 colle·

1354 2091 1427 2148 gium
1445 2091 1584 2136 societatis
1594 2094 1652 2136 lesu
1669 2091 1694 2135 in
1710 2090 1804 2146 oppido
1819 2091 1968 2136 castor-ensi
1979 2091 2105 2136 dioecesis

1355 2158 1527 2204 bituricensis
1542 2157 1698 2215 approbavit
1709 2159 1826 2202 Pontifex
1842 2158 1908 2202 idenr
1926 2158 2031 2204 constit.
2042 2159 2103 2204 anui

1354 2227 1482 2278 eiusdem,
1504 2226 1557 2270 dec.
1575 2237 1650 2270 xxix.
1665 2227 1784 2281 itemque
1805 2225 1947 2280 collegium
1969 2237 2027 2270 cum
2052 2227 2106 2270 uni-

1356 2295 1483 2338 versitate
1497 2292 1647 2338 studiorum
1659 2292 1685 2336 in
1696 2291 1789 2348 oppido
1799 2293 1890 2338 Nissae
1901 2292 2026 2338 dioecesis
2036 2296 2107 2339 wra-

1355 2360 1516 2406 tislaviensis
1538 2359 1694 2416 approbavit
1716 2359 1836 2405 Urbanus
1857 2363 1918 2404 v111.
1942 2361 2046 2406 coristit.
2062 2371 2106 2406 an·

1355 2428 1380 2472 ni
1397 2439 1526 2472 uocxxvr.
1542 2431 1644 2483 septtx.
1656 2427 1789 2471 indultum
1807 2426 1934 2472 recitandi
1951 2427 2063 2471 officinm
2079 2432 2105 2472 et

1354 2493 1505 2538 celebrandi
1520 2495 1627 2538 missam
1643 2495 1674 2538 de
1691 2493 1775 2538 tribus
1792 2494 2107 2551 martyribnslapponiae

1354 2562 1396 2606 die
1419 2573 1442 2605 v.
1467 2562 1530 2606 febr.
1554 2561 1688 2616 religiosis
1715 2562 1795 2606 hrrius
1818 2561 1957 2606 societatis
1979 2563 2108 2608 concessit

1356 2629 1473 2674 Pontifex
1496 2629 1564 2672 idern
1587 2633 1668 2674 coiret.
1688 2628 1751 2673 atriti
1766 2640 1905 2673 nncxxvrr.
1927 2633 1992 2686 sept.
2012 2641 2054 2674 xv.
2072 2633 2107 2674 Ne

1355 2695 1473 2750 religiosi
1497 2695 1576 2738 buius
1599 2693 1739 2750 societatis
1760 2695 1799 2738 nti
1814 2701 1921 2751 possent
1936 2695 2107 2741 facultatibus

1355 2762 1496 2807 literarum
1512 2767 1620 2807 sanctae
1635 2761 1781 2816 cruciatae,
1794 2762 1833 2806 vel
1846 2763 1948 2818 eligere
1955 2762 2039 2808 alium
2051 2775 2107 2808 con-

1354 2829 1505 2883 fossarium,
1525 2837 1604 2884 quarn
1626 2828 1793 2883 assignatum
1811 2829 1898 2874 asnis
1915 2829 2107 2886 superioribus,

1354 2896 1492 2953 prohibuit
1508 2894 1625 2940 Pontifex
1642 2895 1710 2939 idern
1727 2898 1808 2940 const.
1824 2896 2107 2942 anitihfbcxxtx.1tiar-

1355 2964 1386 3008 tii
1409 2975 1483 3008 xxxi.
1500 2966 1565 3008 vota
1583 2973 1600 3009 a
1621 2963 1743 3020 professis
1765 2963 1904 3009 societatis
1918 2965 2006 3008 emitti
2028 2965 2107 3010 solita

1353 3035 1412 3090 post
1428 3031 1617 3087 professionem
1634 3031 1778 3075 solemnem
1793 3031 1864 3076 circa
1881 3033 2064 3087 paupertatem
2080 3037 2107 3076 et

2139 578 2191 634 An.
2205 577 2233 633 G.
2248 575 2318 634 libb

1354 3096 1563 3152 acceptationem
1576 3095 1739 3150 dignitatum
1751 3105 1827 3140 extra
1838 3097 2044 3152 religionem,ab
2055 3107 2107 3141 uno
2158 3104 2161 3113 ·

1355 3167 1460 3208 tantum
1477 3165 1595 3208 Romano
1614 3162 1738 3206 Pontiflce
1753 3163 1900 3219 dispensari
1919 3173 1994 3218 posse
2009 3165 2107 3208 statuit

1356 3229 1473 3274 Pontifex
1497 3229 1565 3274 idem
1587 3233 1669 3274 const.
1685 3229 1748 3274 anni
1770 3240 1898 3282 uncxxxr,
1915 3231 1966 3275 ian.
1988 3242 2051 3274 xxv.
2069 3235 2107 3276 in·

1354 3297 1520 3352 dulgentiam
1536 3297 1682 3352 plenariam
1699 3296 1870 3341 visitantibus
1885 3299 2007 3342 ecclesias
2023 3299 2105 3342 Socie-

1356 3363 1419 3407 tatis
1435 3367 1492 3407 lesu
1513 3363 1539 3406 in
1555 3362 1621 3408 festo
1642 3367 1666 3407 S.
1682 3363 1814 3408 Francisci
1830 3363 1935 3408 xaverii
1951 3363 2003 3408 iarn
2019 3375 2034 3409 a
2049 3367 2108 3408 Gre-

1354 3427 1430 3484 gorio
1451 3430 1501 3471 XV.
1523 3439 1689 3482 concessam,
1711 3428 1879 3472 coiitlrmavit
1900 3429 2020 3474 Urbanus
2042 3431 2106 3475 vlll.

1353 3497 1435 3541 const.
1452 3495 1514 3540 anni
1536 3507 1705 3540 uncxxxvur.
1729 3496 1782 3540 dcc.
1798 3507 1826 3540 rr.
1843 3496 1914 3546 Quod
1937 3497 2106 3552 congregatio

1354 3563 1487 3618 generalis
1514 3563 1654 3608 societatis
1680 3565 1738 3608 lesu
1762 3563 1868 3618 singulo
1890 3564 2020 3608 novennio
2042 3565 2106 3608 cele·

1356 3629 1427 3674 brari
1444 3629 1547 3684 debeat,
1565 3630 1644 3674 iussit
1659 3629 1827 3675 Innocentius
1846 3633 1875 3674 x.
1891 3631 2028 3675 constitut.
2044 3631 2107 3676 antri

1355 3708 1482 3742 uncxcvr.
1503 3697 1546 3742 iau
1563 3709 1579 3742 1.
1602 3697 1784 3754 indulgentias
1805 3703 1832 3742 et
1848 3700 1950 3754 gratias
1972 3711 2108 3744 concessas

1355 3763 1489 3820 religiosis
1511 3765 1591 3809 buius
1607 3765 1747 3810 societatis
1763 3765 1901 3810 missiones
1923 3766 2107 3810 exercentibus

1355 3833 1382 3878 in
1398 3832 1480 3876 indiis
1495 3831 1706 3877 occidentalibus
1721 3831 1888 3876 coritis-inavit
1911 3839 1936 3875 et
1954 3832 2105 3876 facultatem

1356 3899 1555 3955 dispensandis
1571 3899 1750 3944 matrimoniis
1765 3899 1791 3942 in
1813 3899 1866 3943 illis
1882 3899 2034 3954 regionibus
2053 3899 2106 3942 ille·

1356 3967 1450 4022 gitirue
1469 3965 1613 4010 contractis
1632 3966 1663 4009 de
1684 3977 1749 4010 rrovo
1764 3967 1892 4010 concessit
1907 3967 2021 4011 Pontifex
2039 3965 2107 4010 idem

1356 4037 1437 4079 const.
1455 4033 1517 4078 antri
1538 4045 1665 4078 irncxcrx.
1683 4033 1772 4077 martii
1790 4045 1806 4077 r.
1823 4035 2031 4078 beclar·ationerrr
2052 4045 2109 4078 con·

1356 4101 1522 4157 gregationis
1542 4101 1678 4156 generalis
1691 4101 1770 4145 huius
1786 4101 1924 4145 societatis
1945 4100 2015 4145 circa
2033 4101 2109 4145 iuris-

1356 4168 1498 4212 dictionem
1513 4173 1540 4211 et
1554 4169 1774 4222 gubernationem
1791 4168 1881 4212 vicarii
1899 4169 2031 4224 generalis
2046 4179 2105 4213 cum

1356 4236 1447 4280 futrna
1462 4237 1626 4280 successione
1640 4235 1808 4281 confirmavit
1823 4237 1967 4280 alexander
1982 4239 2031 4280 vll.
2050 4249 2106 4280 con·

1357 4303 1446 4348 stitut.
1462 4303 1525 4348 anni
1541 4313 1647 4346 unctxr.
1664 4313 1723 4357 ang.
1741 4313 1802 4346 xxx.
1819 4303 1906 4352 Quoad
1925 4303 2044 4358 regimen
2064 4313 2106 4347 su·

1357 4370 1492 4425 perior-um
1502 4370 1640 4414 societatis
1649 4372 1706 4414 lesu
1718 4370 1796 4426 plura
1807 4371 1904 4415 statuit
1912 4371 2028 4414 Pontifex
2040 4370 2108 4414 idem

1357 4443 1438 4482 coust.
1455 4438 1519 4482 anni
1535 4449 1664 4482 nnctxrrr.
1677 4438 1728 4482 ian.
1744 4449 1760 4481 ι.
1776 4437 1894 4480 officium
1905 4443 1928 4481 s.
1941 4437 2039 4493 ignatii
2056 4437 2109 4482 fun-

1357 4505 1459 4550 datoris
1481 4505 1562 4549 huius
1577 4506 1716 4550 societatis
1737 4507 1785 4550 snb
1800 4507 1854 4550 ritu
1870 4506 1968 4562 duplici
1985 4506 2010 4549 ιιι
2027 4511 2109 4562 poste-

1358 4584 1417 4616 runt
1434 4571 1542 4617 recitari
1557 4573 1651 4617 debere
1666 4571 1745 4617 iussit
1760 4573 1879 4617 tllerrrens
1895 4575 1935 4618 tx.
1951 4579 2033 4617 const.
2046 4573 2108 4618 arrrri

1358 4649 1496 4684 uoctxvrr.
1507 4644 1557 4683 oct.
1568 4645 1603 4684 ιιι.
1616 4641 1833 4684 convocationem
1844 4640 2058 4696 congregationis
2069 4651 2109 4694 ge·

1359 4705 1457 4750 neralis
1467 4706 1584 4760 quolibet
1595 4707 1723 4751 trovennio
1733 4708 1766 4752 ab
1778 4707 1929 4752 innocentio
1939 4710 1968 4750 x.
1982 4706 2107 4750 indictam

1357 4772 1508 4829 suspendit,
1532 4779 1559 4816 ut
1582 4773 1718 4828 proximae
1740 4773 1872 4828 generalis
1896 4771 2108 4828 congregationis

1359 4843 1447 4882 votum
1457 4839 1575 4890 baberet,
1585 4839 1701 4884 Pontifex
1712 4839 1780 4884 idem
1793 4845 1875 4884 const.
1887 4839 1949 4885 antri
1960 4851 2108 4884 uncrxvnr.

1358 4907 1421 4960 sept.
1439 4916 1483 4950 xx.
1500 4908 1603 4961 Septem
1616 4905 1777 4962 presbyteris
1790 4905 1928 4950 societatis
1940 4909 1997 4950 lesu
2010 4906 2110 4950 rarissio-

1359 4972 1442 5016 nariis
1463 4973 1532 5028 apud
1549 4973 1623 5017 Sinas
1646 4972 1809 5028 praecipitur
1824 4978 1853 5016 ut
1875 4972 1999 5017 accedant
2015 4973 2047 5017 ad
2069 4983 2109 5016 nr-

1358 5040 1425 5090 bem,
1443 5044 1469 5083 et
1485 5039 1662 5084 nrissionariis
1678 5039 1801 5084 omnibus
1819 5039 1935 5084 formula
1957 5041 2109 5097 praestandi

1358 5107 1504 5151 iuramenti
1527 5107 1718 5161 praescribitur
1734 5118 1779 5162 per
1801 5112 1884 5151 const.
1904 5108 2048 5152 innocentii
2067 5109 2109 5152 xi.

1357 5175 1420 5219 anni
1442 5185 1608 5218 nocnxxvru.
1623 5178 1673 5218 oct.
1690 5185 1713 5218 x.
1730 5174 1913 5228 indulgentias
1936 5175 2111 5232 quamplures

1358 5241 1521 5297 presbyteris
1537 5241 1616 5285 liuius
1632 5241 1771 5286 societatis
1793 5242 1971 5287 missionariis
1986 5243 2012 5286 in
2029 5242 2110 5286 indiis

1357 5307 1486 5352 concessit
1509 5308 1654 5352 alexander
1669 5309 1733 5352 Vlll.
1748 5315 1831 5352 const.
1851 5309 1914 5353 anni
1930 5319 2025 5353 uncxr.
2044 5321 2109 5353 mar·

1358 5373 1388 5418 tii
1405 5385 1470 5420 xxx.
1481 5375 1646 5420 Facultatum
1661 5375 1811 5419 conferendi
1823 5375 1963 5420 nonnullos
1974 5375 2072 5431 gradus
2084 5375 2110 5419 in

1358 5441 1477 5496 collegiis
1500 5441 1638 5486 societatis
1661 5445 1719 5486 lesu
1742 5441 1855 5486 stridet
1876 5447 1903 5485 et
1919 5443 2012 5492 Quiten
2030 5443 2054 5485 in
2072 5444 2111 5484 ln-

1358 5509 1409 5553 dlis
1425 5510 1477 5554 iarn
1492 5521 1507 5554 a
1524 5510 1657 5554 Clemente
1668 5513 1696 5553 X.
1710 5509 1840 5555 indultam
1854 5510 1972 5554 extendit
1989 5513 2111 5554 lunocen-

1359 5578 1413 5621 tius
1428 5579 1482 5621 xli.
1497 5581 1579 5621 const.
1594 5577 1657 5622 anui
1674 5589 1769 5622 uncxc.
1787 5580 1852 5633 sept.
1863 5588 1881 5621 1.
1898 5579 1968 5622 lianc
1983 5587 2044 5620 vero
2054 5587 2111 5621 corr·

1359 5645 1527 5690 stitutionem
1543 5645 1687 5690 declaravit
1707 5649 1733 5689 et
1750 5643 1886 5701 ampliavit
1906 5643 2023 5688 Pontifex
2041 5643 2110 5688 idern

1358 5719 1439 5759 corist.
1452 5713 1506 5758 alia
1521 5713 1584 5756 anui
1596 5713 1713 5756 eiusdem
1730 5717 1794 5767 sept.
1807 5721 1899 5756 xxvru.
1912 5711 2109 5766 indulgentiam

1359 5779 1506 5836 plenariam
1522 5780 1548 5824 in
1565 5780 1607 5822 die
1622 5778 1815 5824 communionis
1831 5777 1964 5834 generalis
1979 5789 1994 5822 a
2015 5781 2058 5821 Pl’.
2075 5779 2110 5821 le·

1360 5845 1439 5890 sulcis
1456 5845 1513 5889 fleri
1525 5846 1620 5890 solitae
1630 5845 1711 5890 serirel
1723 5845 1749 5888 iu
1762 5855 1850 5888 rnense
1862 5844 1887 5888 in
1899 5843 1987 5898 regnis
2000 5843 2110 5898 nrrgtiae

1358 5914 1489 5958 concessit
1508 5913 1625 5958 Pontifex
1648 5912 1717 5956 idem
1732 5915 1814 5956 const.
1829 5910 1891 5956 anni
1913 5923 2027 5956 nncccx.
2044 5922 2111 5956 niar-

1360 5980 1391 6026 ιιι
1406 5991 1442 6026 vr.
1458 5981 1680 6026 constitutionem
1701 5979 1821 6033 Gregorii
1842 5981 1908 6026 xiil.
1926 5979 2110 6035 prohibentem
