4814 6998
1817 495 1876 560 327

338 627 377 690 de
398 627 573 706 Nicaragua
595 629 726 700 civium,
749 629 887 707 ideoque
913 627 1000 690 nulia
1025 627 1088 706 pia·
1146 627 1228 690 baud
1251 629 1395 707 obligare
1416 631 1448 693 in
1472 631 1665 696 conscientia
1687 649 1754 706 eos,
1772 633 1827 712 qni
1848 634 1895 696 iu·

338 737 409 782 rum
442 721 681 784 institutionum
711 723 894 801 suppressio
926 722 978 785 vel
1010 721 1088 782 unio
1145 729 1328 786 ramentum
1358 724 1436 787 illud
1464 733 1637 803 praestent,
1665 727 1702 788 atl
1733 727 1895 805 quidpiam

865 507 1056 556 TRACTATUS
1078 506 1134 555 SEU
1157 509 1371 558 CONCORDATA

337 815 408 876 fleri
430 822 535 894 potest
555 816 675 893 absque
690 815 877 878 interventu
893 815 1087 878 auctoritatis

337 906 538 988 spostolicae
560 907 662 982 Sedis,
687 910 782 972 salvis
800 909 1001 972 iacultatibus
1018 909 1088 987 Epi-

337 1018 520 1080 scopornm,
548 1003 635 1064 iuxta
657 1001 790 1066 Consilii
814 1003 992 1066 Tridentini
1015 1019 1088 1065 nor-

338 1109 434 1158 mam.

309 1234 311 1240 ·
377 1191 396 1265 ἓ
420 1189 467 1253 l8.
491 1189 536 1254 Ob
552 1205 664 1254 rerum
681 1199 711 1254 et
728 1198 911 1268 temporum
929 1180 1085 1261 adiuncta,

338 1282 450 1346 Sancta
476 1284 575 1348 Sedes
601 1287 771 1352 consentit,
803 1291 839 1346 nt
867 1285 956 1346 tundi
984 1291 1016 1346 et
1040 1299 1088 1346 ec·

339 1377 511 1439 clesiastica
533 1377 615 1440 bona
638 1378 772 1456 publicis
798 1379 1007 1440 subiicientur
1033 1392 1088 1440 ve·

338 1470 521 1546 ctigalibus,
546 1486 648 1549 aeque
669 1488 703 1534 ac
725 1471 860 1534 aliorum
884 1471 1087 1550 Reipublicae

338 1562 377 1624 de
392 1562 567 1642 Nicaragua
579 1565 698 1626 civium
715 1565 808 1640 bona,
822 1567 964 1643 exceptis
981 1572 1087 1627 tamen

337 1657 478 1720 ecclesiis
500 1673 556 1720 seu
581 1659 677 1721 sacris
701 1659 832 1722 aedibus
856 1659 965 1720 divino
988 1657 1088 1720 cultui

338 1750 458 1814 dicatis.

378 1843 466 1920 519.
491 1846 619 1908 Attente
647 1845 801 1918 utilitate,
826 1861 906 1924 quae
933 1863 974 1908 ex
999 1861 1088 1924 prae-

337 1939 421 2001 senti
444 1941 659 2004 conventione
689 1941 721 2002 in
744 1940 931 2004 catholicam
958 1941 1089 2017 religio·

338 2049 413 2095 nom
436 2041 552 2105 manat,
571 2033 724 2098 Sanctitas
741 2035 803 2096 Sua
824 2034 1027 2113 Reipublicae
1049 2035 1088 2096 de

337 2126 512 2205 Nicaragua
544 2129 700 2191 Praesidis
737 2128 1004 2208 postulationibus
1036 2145 1089 2190 an·

338 2237 453 2293 nuens,
471 2229 502 2282 et
518 2221 661 2300 publicae
677 2221 899 2298 tranquillitati
921 2221 1089 2284 consulere

338 2315 481 2394 cupiens,
500 2316 643 2379 decernit
665 2322 696 2378 et
713 2315 860 2386 declarat,
878 2331 944 2386 eos,
963 2315 1016 2391 qui
1033 2315 1088 2376 du-

340 2415 429 2470 rante
456 2410 702 2488 praeteritarum
724 2409 979 2471 vicissitudinum
1010 2415 1089 2470 tem·

340 2517 418 2578 pore
441 2503 580 2566 emerint
601 2503 635 2565 in
650 2503 794 2565 eiusdem
810 2502 1014 2580 Reipublicae
1036 2503 1090 2565 do-

338 2595 444 2656 miniis
467 2597 677 2660 ecclesiastica
698 2597 791 2668 bona,
813 2595 866 2658 vel
882 2613 997 2660 census
1018 2598 1088 2659 red-

339 2689 494 2762 emerint,
527 2691 564 2752 ad
595 2690 738 2753 civilium
771 2691 880 2767 legum
916 2697 985 2752 tum
1010 2697 1089 2752 tem-

1145 818 1377 893 peragendum,
1398 820 1483 896 qnod
1507 819 1561 882 Rei
1585 829 1617 882 et
1637 819 1796 882 Ecclesiae
1818 820 1897 898 legi·

1146 908 1203 970 bus
1226 910 1432 984 adversetur,
1458 911 1611 975 Sanctitas
1634 913 1696 976 Sua
1722 914 1896 976 assentitur

1145 1017 1283 1079 sequens
1305 1005 1525 1068 iuramentum
1552 1006 1589 1068 ab
1622 1007 1786 1086 Episcopis
1814 1015 1897 1070 cete-

1145 1095 1255 1174 risque
1272 1098 1490 1162 ecclesiasticis
1512 1100 1589 1162 viris
1612 1100 1763 1179 praestari
1786 1117 1893 1180 posse:

1145 1191 1248 1268 «Ego
1280 1192 1352 1254 iuro
1385 1201 1421 1255 et
1449 1194 1602 1271 promitto
1634 1195 1671 1255 ad
1703 1201 1807 1257 sancta
1840 1195 1897 1256 Dei

1144 1285 1309 1361 evangelia
1334 1285 1548 1348 obedientiam
1571 1293 1603 1348 et
1625 1286 1811 1351 fidelitatem
1834 1285 1895 1349 Gu-

1144 1375 1258 1439 bernio
1280 1394 1337 1456 per
1359 1381 1620 1442 constitutionem
1639 1379 1842 1458 Reipublicae
1858 1380 1897 1442 de

1144 1469 1319 1548 Nicaragna
1341 1479 1470 1545 statuto,
1494 1473 1638 1550 itemque
1667 1474 1820 1552 promitto
1842 1487 1910 1536 me*

1145 1563 1225 1626 nulli
1248 1566 1459 1643 propositioni
1480 1566 1549 1628 sive
1571 1583 1707 1645 persona
1733 1569 1802 1630 sive
1824 1583 1898 1630 con·

1145 1657 1216 1720 silio
1242 1659 1441 1733 adlaturum,
1470 1675 1551 1736 quae
1581 1661 1717 1722 nationis
1744 1661 1898 1740 indepen-

1145 1754 1270 1816 dentiae
1283 1754 1335 1816 vel
1348 1755 1570 1832 tranquillitati
1587 1755 1730 1833 publicae
1742 1764 1894 1820 noceat».

1184 1848 1274 1922 §aa
1308 1849 1381 1909 Post
1412 1849 1518 1910 divina
1551 1849 1651 1912 officia
1682 1850 1715 1912 in
1747 1851 1896 1912 omnibus

1145 1940 1348 2019 Reipublicae
1370 1942 1409 2003 de
1423 1941 1597 2018 Nicaragua
1620 1942 1748 2020 templis
1763 1944 1808 2005 sic
1830 1961 1896 2006 ora·

1145 2033 1250 2095 bitur:
1279 2035 1464 2108 «Domine,
1493 2036 1612 2098 salvam
1640 2035 1686 2098 lac
1712 2037 1898 2115 Rempubli-

1145 2145 1229 2190 cam:
1256 2129 1401 2200 Domine,
1423 2129 1549 2191 salvum
1579 2128 1625 2191 iac
1653 2129 1834 2194 Praesidem
1865 2139 1897 2193 et

1145 2239 1311 2300 supremas
1333 2223 1400 2285 eius
1423 2223 1677 2286 Auctoritates».
1784 2241 1790 2256 ·

1184 2316 1896 2396 ffimmmwfflfflmmffi

1145 2425 1278 2486 caragua
1292 2409 1487 2472 exercitibus
1503 2409 1724 2488 exemptiones
1736 2417 1768 2474 et
1783 2412 1897 2487 gratias

1145 2504 1302 2576 concedit,
1321 2519 1401 2581 quae
1415 2504 1474 2566 sub
1490 2505 1633 2582 generali
1649 2504 1896 2582 privilegiorum

1145 2597 1364 2660 Castrensium
1381 2599 1512 2660 nomine
1528 2604 1785 2675 cognoscuntur;
1802 2606 1897 2676 atque

1146 2692 1256 2753 eadem
1274 2690 1428 2753 Sanctitas
1445 2691 1506 2754 Sua
1527 2691 1669 2768 singulas
1685 2691 1754 2754 sive
1769 2694 1895 2770 gratias,

339 2783 424 2860 poris
439 2784 621 2861 vigentium
637 2800 796 2857 normam,
814 2790 846 2845 et
861 2785 892 2846 in
910 2785 1089 2860 praesentia
1145 2785 1213 2846 sive
1245 2787 1487 2864 exemptiones,
1521 2800 1599 2862 quas
1630 2784 1692 2846 erit
1723 2785 1894 2863 largitura,

338 2877 390 2940 illa
414 2879 589 2956 possident,
607 2879 727 2955 quique
749 2879 871 2940 eisdem
888 2877 1089 2956 emptoribus
1146 2879 1376 2940 determinabit
1392 2895 1450 2956 per
1465 2877 1651 2957 apostolicas
1666 2877 1799 2952 litteras,
1816 2895 1896 2957 quae

338 2971 553 3034 successerint
574 2972 626 3033 vel
649 2988 689 3032 ex
705 2971 776 3034 iure
794 2974 981 3043 succedunt,
998 2971 1089 3036 nullo
1146 2971 1364 3050 expediuntur
1385 2988 1458 3035 cum
1475 2988 1625 3049 praesens
1647 2976 1819 3035 conventio
1841 2989 1896 3052 pu-

338 3079 492 3142 umquam
523 3073 670 3144 ternpore
698 3073 752 3127 aut
783 3066 879 3128 modo
908 3065 1089 3128 molestiam
1147 3064 1326 3126 blicabitur.

338 3157 436 3220 nliatn
460 3159 637 3230 babituros,
661 3175 767 3236 neque
788 3178 805 3221 a
827 3158 889 3222 Sua
905 3159 1087 3232 Sanctitate,
1185 3157 1274 3232 §ab
1299 3157 1431 3236 Reliqua
1454 3159 1560 3221 omnia
1575 3159 1612 3221 ad
1635 3175 1687 3220 res
1708 3175 1765 3222 seu
1788 3175 1896 3238 perso·

339 3267 446 3330 neque
467 3272 482 3314 a
505 3253 571 3314 suis
587 3255 823 3316 successoribus
845 3253 993 3316 Romanis
1010 3253 1089 3316 Pon·
1145 3268 1200 3312 nas
1216 3252 1445 3316 ecclesiasticas
1466 3255 1649 3331 spectantia,
1667 3254 1706 3315 de
1727 3253 1845 3330 quibus
1863 3255 1895 3316 in

341 3346 494 3422 titicibus;
518 3347 684 3410 imovero
707 3348 896 3410 eorumdem
928 3347 1088 3410 bonorum
1146 3344 1232 3408 bisce
1261 3345 1402 3407 articulis
1431 3345 1518 3409 nulla
1546 3346 1650 3409 babita
1681 3347 1804 3409 mentio
1835 3355 1895 3419 est,

339 3441 584 3519 proprietatem,
622 3441 766 3503 redditus
802 3449 835 3502 et
869 3441 1088 3503 emolumenta
1146 3446 1244 3500 erunt
1265 3439 1397 3503 omnino
1414 3440 1579 3518 dirigenda
1602 3449 1635 3502 et
1649 3440 1895 3502 administranda

338 3541 403 3595 tuta
432 3541 465 3595 et
493 3535 618 3610 pacifica
637 3533 719 3598 dore
746 3551 845 3612 penes
871 3535 966 3615 ipsos,
995 3541 1089 3612 atque
1145 3533 1233 3596 iuxta
1247 3532 1413 3610 vigentem
1436 3533 1592 3596 Ecclesiae
1607 3533 1798 3608 Catholicae,
1816 3534 1897 3614 Apo·

338 3628 376 3688 ab
399 3627 437 3688 iis
453 3644 577 3690 causam
595 3627 767 3690 babentes:
790 3629 819 3691 id
837 3639 944 3692 tamen
961 3643 1090 3705 semper
1145 3626 1287 3700 stolicae‚
1311 3626 1470 3689 Romanae
1493 3627 1702 3706 disciplinam.

338 3721 439 3782 fixum
455 3721 652 3798 firmumque
674 3737 744 3784 esse
766 3721 906 3796 debebit,
923 3730 959 3783 ut
981 3721 1088 3783 buius·
1185 3723 1204 3796 ἓ
1233 3719 1282 3782 to.
1317 3721 1378 3784 Per
1413 3728 1614 3800 praesentem
1647 3723 1895 3786 conventionem

338 3815 426 3876 modi
449 3815 599 3877 tltnsivae
613 3815 821 3878 alienationes
843 3831 1021 3894 numquam
1040 3832 1089 3878 re·
1146 3814 1247 3892 leges,
1272 3815 1501 3889 ordinationes,
1525 3818 1651 3879 decreta
1673 3818 1706 3878 in
1726 3817 1897 3896 Republica

339 3915 513 3971 noventur.
1145 3908 1184 3970 de
1207 3908 1381 3986 Nicaragna
1410 3925 1615 3988 quocumque
1638 3912 1733 3974 modo
1762 3921 1796 3974 et
1817 3919 1897 3974 tem-

380 3999 469 4078 520.
494 4001 656 4081 Episcopis
672 4003 811 4064 liberum
828 4003 890 4066 erit
910 4005 942 4066 in
962 4005 1088 4082 propria
1146 4017 1223 4080 pore
1245 4004 1412 4080 bucusque
1434 4004 1505 4076 lata,
1522 4005 1554 4066 in
1577 4012 1732 4082 quantum
1755 4021 1894 4070 conven-

339 4097 477 4160 dioecesi
499 4095 633 4160 Ordines
656 4114 714 4159 seu
732 4100 1000 4176 congregationes
1015 4097 1088 4160 reli·
1146 4097 1224 4159 tioni
1241 4097 1345 4160 eidem
1362 4098 1583 4170 adversantur,
1600 4098 1749 4176 abrogata
1765 4101 1897 4163 omnino

339 4191 444 4267 glosas
466 4191 635 4268 utriusque
657 4206 765 4263 sexus,
782 4190 869 4254 iuxta
892 4209 934 4253 ss.
952 4209 1088 4256 canones
1145 4199 1329 4264 censentur,
1352 4199 1446 4268 atque
1468 4191 1579 4254 eadem
1602 4193 1774 4255 conventio
1796 4193 1897 4256 veluti

337 4285 546 4357 constituere,
559 4285 679 4346 collatis
692 4291 799 4347 tamen
812 4301 955 4364 easuper
969 4302 1088 4348 recum
1145 4282 1197 4344 lex
1220 4282 1325 4345 Status
1346 4285 1380 4345 in
1401 4283 1548 4346 iuturum
1571 4299 1668 4346 omne
1690 4293 1817 4364 tempus
1845 4301 1897 4348 va-

337 4379 501 4441 Gubernio
522 4379 673 4442 consiliis.
690 4378 775 4453 Quae
797 4386 904 4441 autem
927 4381 964 4442 ad
984 4379 1089 4458 Regn—
1145 4375 1239 4438 litura
1263 4377 1445 4440 habebitur.

338 4472 420 4533 lares
437 4473 609 4550 pertinent,
627 4474 714 4535 iuxta
735 4474 959 4535 canonicarum
976 4475 1087 4551 legum
1183 4471 1202 4544 ἓ
1224 4469 1274 4531 27.
1299 4471 1529 4533 Ratiticationes
1561 4471 1737 4547 praesentis
1759 4488 1897 4535 conven-

340 4573 372 4626 ot
392 4567 549 4643 colosque
571 4565 696 4630 Ordinis
725 4568 990 4632 constitutionum
1014 4585 1086 4630 nor·
1145 4561 1240 4624 tionis
1270 4573 1400 4626 mutuae
1430 4565 1599 4627 tradentur
1628 4564 1756 4637 Romae,
1784 4567 1895 4628 decom

339 4675 422 4720 mam
450 4667 547 4721 erunt
572 4659 739 4738 dirigenda
768 4667 800 4721 et
826 4661 1085 4726 administranda.
1144 4661 1177 4716 et
1208 4664 1279 4718 0⁰10
1312 4658 1474 4720 mensium
1506 4659 1618 4737 stillim
1651 4667 1704 4721 ant
1736 4660 1840 4733 cilius.
1870 4661 1896 4721 Si

377 4753 467 4827 §Sl
491 4752 691 4816 Gubernium
715 4751 918 4831 Reipublicae
938 4756 977 4817 de
1001 4755 1087 4817 Nica·
1145 4747 1216 4810 fleri
1242 4751 1371 4828 poterit.

339 4861 437 4923 ragno
469 4855 647 4925 opportuna
678 4847 844 4925 praebebit
874 4849 1014 4910 subsidia
1049 4851 1086 4911 ad
1183 4844 1202 4918 ἓ
1225 4842 1274 4906 28.
1299 4845 1410 4928 Statim
1427 4863 1461 4908 ac
1476 4845 1655 4925 praedictae
1670 4848 1895 4910 ratificationes

338 4941 413 5002 fidei
435 4940 697 5019 propagationem
733 4941 821 5002 etad
844 4941 1024 5004 infidelium
1054 4943 1087 5004 in
1145 4945 1259 4999 mutuo
1281 4940 1413 5002 traditae
1435 4941 1567 5013 luerint,
1585 4939 1739 5002 Sanctitas
1755 4941 1817 5003 Sua
1839 4957 1895 5020 per

338 5049 397 5095 sno
419 5033 583 5096 territorio
606 5034 814 5097 existentium
840 5037 1086 5100 conversionem
1144 5031 1328 5108 apostolicas
1350 5034 1472 5096 litteras
1489 5041 1691 5114 praesentem
1711 5036 1895 5097 conventio·

338 5128 582 5205 procurandam,
600 5134 633 5189 et
654 5143 785 5190 omnem
807 5129 979 5206 praestabit
1000 5130 1086 5192 lavo·
1144 5139 1219 5186 nem
1243 5127 1456 5190 confirmabit.

338 5236 407 5283 rem
437 5222 629 5284 institutioni
652 5229 684 5284 et
710 5224 895 5301 progressui
925 5240 1087 5286 sacrarum
1183 5219 1217 5281 ln
1235 5235 1375 5296 quornm
1391 5222 1488 5284 iidem
1505 5223 1635 5301 praelati
1652 5223 1895 5302 plenipotentia-

338 5316 539 5388 missionum,
564 5331 645 5394 quae
667 5317 704 5378 ad
726 5317 811 5379 bunc
837 5317 1029 5380 laudabilem
1052 5318 1087 5379 ll·
1143 5313 1184 5374 rii
1205 5316 1366 5393 praesenti
1388 5317 1595 5379 conventioni
1621 5316 1893 5396 subscripserunt,

338 5423 412 5471 nem
441 5408 518 5471 illuc
546 5409 733 5472 auctoritate
766 5410 878 5472 Sacrae
904 5410 1088 5489 congrega·
1143 5405 1296 5486 illamque
1326 5426 1384 5471 suo
1411 5410 1547 5488 quisque
1569 5409 1676 5488 sigillo
1701 5410 1892 5488 obsignavit.

339 5502 433 5564 tionis
454 5501 688 5584 Propopoodoo
709 5501 800 5566 Fidei
820 5505 1005 5567 mittuntur.
1023 5528 1026 5532 ·
1184 5503 1299 5566 lictum
1321 5503 1450 5576 Romae,
1474 5504 1525 5567 die
1547 5522 1571 5566 u
1593 5519 1668 5567 nov.
1687 5521 1859 5567 ttnccctxt.

378 5595 467 5671 522.
491 5596 621 5659 Praevia
649 5597 862 5661 declaratione
883 5614 900 5658 a
925 5597 1088 5660 Gubernio
1204 5625 1335 5702 Low&
1352 5623 1468 5702 Sjgffli·

338 5704 506 5767 persuum
525 5690 842 5770 plenipotentiarium
859 5691 984 5763 emissa,
1002 5693 1086 5770 quod

337 5783 459 5848 scilicet
478 5783 632 5847 Gubernii
658 5786 758 5862 ipsius
780 5801 872 5847 mens
894 5791 943 5848 est
963 5802 1021 5864 per
1042 5786 1089 5847 iu-

236 5923 237 5926 ,
341 5886 523 5968 ramentum
536 5877 674 5941 termula
686 5878 884 5957 intrascripta
899 5895 1086 5957 expressum

1298 5759 1436 5822 lttcontts
1457 5759 1550 5822 Card.
1573 5735 1754 5823 baronetti

1400 5881 1628 5945 Rootoootoo
1649 5880 1851 5946 Loroozooo.
