4814 6992
337 570 387 628 hu.
401 570 429 628 d
445 569 513 627 luto
568 571 607 632 bi

590 1082 624 1144 ln
646 1081 803 1144 eminenti
825 1080 978 1158 Principis
1003 1078 1220 1156 apostolorum
1244 1075 1300 1137 Se·

549 1176 600 1248 de,
631 1173 756 1237 meritis
785 1174 861 1236 licet
887 1172 1074 1252 imparibus,
1105 1169 1212 1232 divina
1237 1168 1300 1231 dis-

550 1275 690 1347 ponente
723 1266 907 1340 clementia,
942 1264 1121 1336 constituti,
1153 1261 1299 1342 muneris

550 1362 651 1424 nostri
674 1377 743 1424 esse
774 1361 979 1431 arbitramur,
1003 1363 1039 1420 ut
1060 1364 1242 1419 sanctorum
1265 1356 1298 1418 in

549 1456 645 1518 coelis
657 1455 877 1532 regnantium,
892 1453 1021 1515 illorum
1035 1451 1215 1530 praecipue,
1230 1451 1299 1528 thi-

550 1549 609 1612 bus
630 1548 894 1610 annuntiantibus
915 1545 1119 1623 evangelicae
1141 1544 1298 1622 praedica-

550 1642 645 1704 tionis
667 1657 765 1704 sonus
782 1641 936 1718 usquead
953 1646 1116 1702 extremos
1133 1636 1219 1699 orbis
1237 1645 1298 1698 ter-

549 1751 659 1799 rarum
682 1736 762 1796 lines
787 1732 979 1812 penetravit,
1003 1731 1125 1794 cultum
1148 1739 1180 1794 et
1201 1746 1298 1792 vene-

550 1829 707 1890 rationem
729 1827 885 1898 interris,
902 1831 1058 1903 quantum
1075 1823 1164 1886 nohis
1180 1842 1219 1887 ex
1235 1825 1298 1888 alto

549 1922 746 1992 conceditur,
770 1937 890 1997 augere
912 1926 1102 1995 satagamus.

589 2013 657 2090 gl.
682 2013 802 2091 ltaque,
827 2029 885 2091 pro
913 2011 1065 2091 peculiari
1093 2019 1200 2074 nostra
1223 2029 1298 2091 erga

550 2106 581 2169 S.
605 2107 805 2169 Franciscum
831 2105 1017 2176 Xnverinm,
1035 2104 1198 2168 Societatis
1213 2106 1296 2180 Iesu,

550 2201 604 2278 qui
619 2200 799 2279 apostolicis
811 2199 1053 2262 charismatibus
1065 2199 1234 2262 allluenter
1246 2201 1298 2262 de-

549 2301 686 2365 coratus,
701 2308 859 2356 novarum
873 2293 1018 2369 gentium
1034 2293 1208 2371 apostolus,
1222 2311 1297 2355 una-

550 2388 628 2449 nimi
651 2386 748 2448 totius
769 2387 933 2448 christiani
956 2387 1041 2448 orbis
1057 2403 1215 2450 consensu
1233 2403 1298 2450 me·

550 2481 615 2543 ruit
642 2480 813 2560 appellari,
844 2481 1033 2550 devotione,
1068 2479 1137 2541 eius
1167 2495 1298 2542 venera·

550 2575 671 2636 tionem
700 2573 867 2650 condignis
897 2573 1057 2635 honorum
1089 2573 1297 2635 incrementis

550 2669 702 2746 ampliare
717 2667 895 2745 cupientes,
911 2667 1099 2728 auctoritate
1114 2667 1295 2745 apostolica,

551 2769 663 2824 tenore
685 2761 916 2840 praesentium,
942 2761 1100 2834 iubemus,
1119 2769 1153 2823 ut
1169 2761 1237 2823 eius
1253 2762 1297 2824 ol-

550 2857 676 2928 ilcium,
707 2857 746 2918 de
775 2855 924 2916 mandato
957 2855 1009 2916 lel.
1035 2871 1099 2918 rec.
1124 2855 1297 2919 Alexandri

551 2950 649 3028 Papae
671 2948 735 3012 Vll.
768 2949 1021 3028 praedecessoris
1054 2951 1165 3022 nostri,
1196 2951 1229 3012 in
1251 2967 1297 3013 ca-

552 3043 694 3106 lendario
726 3057 859 3104 romano
888 3042 947 3104 sub
981 3041 1044 3103 ritu
1076 3045 1297 3124 semi-duplici

550 3135 741 3216 appositum,
765 3137 797 3197 in
819 3144 984 3214 posterum
1011 3136 1070 3198 sub
1092 3139 1154 3199 ritu
1180 3139 1298 3217 duplici

550 3231 590 3292 de
623 3236 791 3309 praecepto
823 3230 855 3291 in
888 3230 1001 3292 eodem
1035 3240 1229 3308 apponatur,
1260 3237 1297 3296 ab

551 3323 711 3393 omnibus,
735 3323 789 3400 qui
811 3323 848 3384 ad
871 3323 965 3384 horas
993 3323 1157 3385 canonicas
1188 3333 1298 3389 tenen-

551 3425 614 3490 tur,
646 3423 713 3479 tum
741 3416 967 3489 saecularibus,
1000 3424 1066 3478 tum
1094 3419 1298 3494 regularibus

482 3535 485 3546 ·
549 3511 720 3588 utriusque
741 3525 849 3580 sexus,
874 3509 993 3587 ubique
1009 3510 1048 3572 de
1065 3521 1233 3591 praecepto
1249 3529 1298 3576 re-

548 3604 721 3666 citandum.

590 3697 658 3772 52.
690 3696 760 3758 Non
790 3697 986 3759 obstantibus
1015 3699 1298 3763 constitutionibus

550 3798 582 3850 et
604 3789 857 3852 ordinationibus
887 3791 1084 3868 apostolicis,
1117 3795 1298 3873 ceterisque

550 3883 716 3946 contrariis
739 3883 1009 3960 quibuscumque.

590 3979 609 4054 ἓ
627 3977 656 4038 3.
672 3975 828 4038 Volumus
840 3985 959 4050 autem,
973 3985 1008 4040 ut
1020 3981 1196 4043 earundem
1210 3997 1298 4060 prae-

550 4071 691 4131 sentium
705 4069 884 4131 litterarum
900 4074 1108 4151 transumptis
1120 4091 1177 4136 seu
1190 4091 1298 4138 exent-

552 4161 621 4239 plis,
646 4161 740 4222 etiam
768 4162 944 4240 impressis,
970 4179 1065 4227 manu
1087 4165 1220 4228 alicuius
1243 4185 1297 4230 no-

551 4255 620 4316 tarii
644 4255 761 4332 publici
778 4255 829 4317 vel
845 4258 1007 4320 secretarii
1023 4259 1124 4322 dictae
1140 4262 1298 4325 societatis

549 4349 748 4427 subscriptis,
773 4357 805 4411 et
826 4349 932 4427 sigillo
952 4355 1121 4430 praepositi
1138 4357 1298 4431 generalis

471 4443 474 4451 '
549 4445 695 4508 eiusdem
716 4444 873 4505 societatis
898 4445 948 4508 vel
970 4447 1103 4509 alterius
1130 4465 1295 4526 personae,

550 4539 582 4605 iu
601 4537 812 4600 ecclesiastica
828 4539 983 4615 dignitate
998 4548 1211 4613 constututae,
1230 4561 1298 4606 mu-

550 4633 771 4704 milisendem
804 4649 936 4710 prorsus
966 4636 1044 4697 tides
1072 4637 1103 4697 in
1126 4637 1244 4702 indicio
1267 4647 1299 4702 et

550 4734 639 4788 extra
660 4727 860 4798 adhibeatur,
884 4743 965 4806 quae
984 4733 1206 4808 praesentibus
1222 4735 1298 4812 ipsis

549 4820 774 4892 adhiberetur,
805 4823 832 4882 si
861 4822 967 4884 lorent
996 4825 1156 4888 exhibitae
1185 4828 1236 4888 vel
1266 4844 1298 4889 o·

549 4921 685 4976 stensae.

591 5008 702 5069 ilatum
736 5007 865 5078 Rornae,
889 5011 969 5087 apud
998 5009 1029 5072 S.
1057 5011 1182 5074 Mariam
1206 5013 1298 5075 Maio-

501 5149 505 5157 .
549 5119 631 5174 rem,
655 5103 715 5164 sub
740 5102 859 5164 annulo
882 5103 1058 5176 Piscatoris,
1084 5107 1134 5167 die
1156 5123 1226 5168 xxv.
1251 5107 1297 5168 iu-

550 5198 593 5258 nii
616 5213 770 5268 unccxx,
795 5196 996 5274 pontillcatus
1020 5199 1119 5260 nostrl
1142 5217 1225 5262 anno
1247 5217 1269 5262 x.

897 5479 948 5541 tv.

551 5667 641 5745 Asc.
673 5667 791 5729 locnne
820 5667 957 5728 ,inienio
986 5667 1022 5730 de
1053 5667 1296 5738 Metttccccaciio,

589 5760 750 5822 missionis
769 5761 941 5840 praesecto,
968 5763 1151 5842 pontificiae
1176 5763 1296 5825 caritu-

1072 583 1139 630 tuh.
1164 581 1255 628 rond.
1280 583 1320 628 be
1342 585 1371 629 Ρ.
1396 585 1425 630 Ι.
1451 585 1534 631 PARS
1556 587 1577 631 Ι.

757 729 945 798 stilletis
968 729 1029 796 ΡΡ.
1055 727 1088 795 Χ.

628 893 665 960 ed
692 898 867 978 perpetuen
896 893 940 959 rei
967 891 1136 958 memorien
1159 888 1216 970 (l).

1397 699 1439 762 tis
1460 717 1556 766 aenea
1575 704 1805 784 patefacienda
1819 704 1889 784 regi
1907 703 2004 784 Conpi
2017 718 2109 783 prcc-

1395 794 1541 866 nuntict,
1565 815 1603 860 uc
1624 815 1696 859 caim
1718 799 1805 878 regio
1825 796 2008 878 patrocinio
2028 812 2108 858 com·

1394 887 1534 951 mendat.

1355 1071 1541 1142 charissimo
1565 1077 1592 1142 in
1615 1075 1737 1144 christo
1759 1077 1824 1144 lilio
1846 1081 1952 1144 nostro
1968 1075 2107 1144 sleziae,

1598 1171 1663 1252 repi
1679 1169 1773 1253 Gongi
1796 1174 1866 1248 etc,

1565 1353 1752 1422 stetistis
1776 1354 1837 1421 ΡΡ.
1863 1353 1897 1421 Χ.

1405 1541 1534 1611 salutem
1556 1549 1588 1610 et
1610 1550 1710 1628 apost.
1735 1544 1975 1612 benedictionem
1997 1545 2053 1628 (ἲ).

1397 1733 1507 1810 Magna
1529 1735 1676 1811 quamvis
1709 1733 1853 1796 locorum
1876 1724 2022 1796 distantia
2044 1734 2105 1796 dis-

1354 1826 1528 1901 iungamur
1550 1843 1566 1887 a
1589 1825 1753 1888 maiestate
1784 1832 1847 1900 tua,
1870 1835 2054 1904 praesentes
2077 1845 2105 1888 a·

1355 1919 1443 1981 nimo
1466 1926 1572 1982 tamen
1589 1921 1646 1984 tibi
1662 1935 1786 1992 sumus,
1803 1921 2036 1998 regiorumque
2052 1921 2105 1982 de-

1355 2028 1466 2074 corum
1504 2013 1728 2090 praestantiam
1765 2012 1878 2076 sedulo
1911 2013 2105 2090 contempla-

2147 567 2199 622 An.
2212 567 2240 624 G.
2257 561 2343 621 16⁷3

1356 2121 1448 2181 mnr;
1482 2107 1567 2168 inter
1601 2107 1677 2168 haec
1706 2113 1813 2168 autem
1842 2106 2022 2184 principem
2045 2106 2105 2168 sibi
2212 2113 2214 2118 '

1354 2215 1427 2262 cum
1451 2201 1591 2262 vindicet
1613 2199 1719 2262 locum
1742 2200 1881 2262 eximius
1907 2199 2105 2262 orthodoxae

1355 2293 1522 2370 religionis
1554 2293 1794 2372 amplificandae
1827 2294 1928 2365 zelus,
1959 2294 2105 2356 muneris

1354 2387 1472 2466 idcirco
1494 2403 1565 2449 esse
1594 2388 1694 2448 nostri
1725 2387 1889 2458 duximus,
1914 2387 2031 2464 quibus
2053 2403 2105 2450 su-

1354 2494 1464 2557 prema
1497 2481 1572 2542 tanti
1606 2480 1712 2558 operis
1740 2480 1922 2557 procuratio
1945 2497 1960 2540 a
1983 2478 2103 2558 Spiritu

1355 2573 1469 2636 Sancto
1491 2575 1678 2635 demandata
1700 2573 1771 2646 luit,
1795 2574 1835 2636 de
1858 2581 1988 2651 paterna
2003 2574 2104 2636 chari-

1355 2673 1418 2728 tate
1450 2673 1557 2728 nostra
1587 2667 1682 2728 enixe
1706 2674 1735 2727 te
1757 2666 1930 2730 certiorem
1953 2667 2101 2740 reddere,

1354 2760 1541 2837 validosque
1559 2766 1742 2837 perspectae
1759 2760 1869 2837 pietati
1886 2767 1957 2822 tuae
1973 2760 2010 2822 ad
2022 2777 2104 2822 nova

1352 2869 1456 2930 nsque
1473 2855 1648 2932 promerita
1664 2854 1875 2931 comparanda
1890 2853 2038 2916 stimulos
2054 2855 2103 2916 ad-

1355 2963 1498 3010 movere.

1393 3041 1514 3104 Dilecto
1536 3043 1683 3120 quocirca
1703 3040 1769 3102 lilio
1785 3039 1895 3102 loanni
1910 3040 2049 3104 Antonio
2065 3043 2105 3106 de

1355 3136 1601 3206 hlontecucullo,
1618 3135 1800 3213 capuccino,
1819 3135 2013 3211 evangelicis
2031 3152 2104 3214 ope·

1355 3229 1445 3290 rariis
1468 3228 1507 3290 ob
1530 3229 1774 3290 christianarum
1809 3227 1967 3289 virtutum
2000 3229 2104 3290 excel-

1354 3323 1485 3384 lentiam
1507 3321 1576 3382 istis
1598 3322 1631 3384 in
1654 3321 1840 3399 regionibus
1862 3339 1879 3384 a
1901 3321 1992 3384 nobis
2015 3337 2105 3400 prae-

1355 3416 1467 3494 posito,
1488 3423 1633 3477 accurate
1649 3415 1862 3488 iniunximus,
1880 3423 1916 3477 ut
1930 3431 2105 3494 propensos

1355 3523 1430 3585 erga
1454 3516 1484 3570 te
1506 3507 1610 3570 cordis
1633 3509 1734 3570 nostri
1755 3523 1870 3570 sensns
1894 3509 2039 3586 pluribus
2054 3509 2104 3571 co'-

1354 3618 1422 3664 ram
1442 3602 1607 3673 edisserat,
1624 3609 1720 3679 atque
1735 3603 1767 3663 in
1785 3601 1941 3664 obeundis
1956 3602 2105 3664 commis·

1354 3714 1406 3759 sae
1428 3697 1487 3758 sxbi
1511 3698 1693 3774 provinciae
1724 3697 1866 3776 partibus
1896 3697 2022 3758 illustre
2047 3699 2105 3761 tibi

1354 3793 1393 3854 de
1415 3792 1567 3854 catholica
1596 3791 1657 3854 dde
1690 3791 1921 3854 benemerendi
1956 3793 2106 3868 praebeat

1354 3891 1594 3961 argumentum.

1394 3978 1441 4040 sd
1464 3977 1670 4040 humanitatis
1692 3979 1801 4055 itaque
1825 3983 1896 4041 tuae
1912 3979 2105 4056 magnitudi-

1354 4087 1429 4133 nem
1451 4072 1654 4150 spectaverit,
1678 4071 1797 4142 virum,
1816 4073 1853 4133 ad
1877 4073 2018 4134 diuinam
2036 4072 2105 4152 glo-

1353 4165 1431 4227 riam
1456 4167 1693 4244 propagandam
1708 4168 1914 4228 accedentem
1930 4175 2104 4245 nostraque
2146 4167 2149 4174 '

1354 4259 1634 4322 commendatione
1662 4259 1865 4337 insignitum,
1890 4259 2029 4323 libenter
2051 4279 2104 4324 ex-

1353 4353 1472 4431 cipere,
1500 4351 1726 4429 religiosisque
1758 4351 1856 4429 ipsius
1886 4369 1920 4415 ac
1941 4355 2102 4416 sociorum

1353 4446 1517 4508 conatibus
1550 4445 1641 4521 regio
1673 4446 1846 4524 patrocinio
1870 4456 1995 4524 praesto
2017 4464 2099 4520 esse,

1355 4541 1487 4620 perlecti
1519 4540 1564 4601 sic
1596 4539 1720 4600 decoris
1753 4555 1921 4611 coronam,
1953 4541 2103 4603 universa

1353 4635 1492 4698 Ecclesia
1515 4634 1697 4712 plaudente,
1718 4633 1809 4710 capiti
1832 4640 1887 4695 tuo
1902 4635 2102 4713 superimpo-

1352 4730 1483 4791 siturus.

1392 4821 1598 4884 certaturum
1620 4827 1727 4883 autem
1752 4827 1782 4882 te
1798 4819 1939 4898 egregiis
1956 4821 2022 4898 piae
2039 4823 2103 4885 sul-

1353 4915 1536 4992 lragationis
1567 4914 1784 4980 documentis,
1818 4921 1853 4976 nt
1884 4914 1963 4976 hanc
1983 4916 2103 4979 solidae

1354 5009 1474 5086 gloriae
1497 5007 1731 5085 possessionem
1751 5007 1941 5084 assequaris,
1960 5009 2103 5086 prolecto

1354 5121 1417 5166 non
1450 5101 1641 5172 dubitantes,
1677 5102 1832 5162 maiestati
1865 5103 1996 5164 interim
2031 5111 2103 5166 tuae

1354 5211 1505 5276 prospera
1527 5203 1639 5256 cuncta
1661 5194 1806 5271 impense
1829 5211 2009 5271 precamur.

1394 5291 1506 5352 batum
1535 5288 1663 5358 Romae,
1694 5287 1775 5366 apud
1800 5286 1831 5350 S.
1858 5289 1985 5351 hieriam
2010 5291 2101 5353 llaio·

1354 5399 1435 5456 rent,
1458 5383 1518 5444 sub
1539 5381 1658 5444 annulo
1681 5381 1858 5453 Piscatoris,
1886 5381 1937 5444 die
1959 5399 1994 5443 xx.
2019 5399 2100 5445 mar-

1354 5477 1387 5538 tii
1410 5491 1604 5546 uocaxmm,
1622 5475 1822 5552 pontificatus
1838 5477 1939 5537 nostri
1954 5493 2037 5538 anno
2053 5493 2100 5536 nr.

590 5975 619 6028 (ln
637 5973 741 6031 ueltppe
757 5977 825 6030 Nery
839 5975 943 6028 xenion,
959 5985 1016 6031 pag.
1032 5977 1079 6019 313,
1096 5999 1119 6007 —
1135 5977 1165 6030 tt)
1180 5975 1271 6032 ruglo,
1289 5987 1347 6033 pag.
1362 5977 1409 6019 itte.
