4836 7002
341 547 393 603 An.
408 547 436 604 C.
451 547 520 604 1718
577 545 635 609 lli

556 681 615 744 bus
637 681 755 744 uostris
776 681 964 744 Innocentio
978 681 1028 744 lll.
1043 691 1075 746 33
1085 682 1227 746 Honorio
1238 682 1300 756 lll..

555 773 705 836 Romanis
728 775 944 849 Pontificibus,
967 776 1103 838 stabilita
1131 777 1201 849 fuit,
1225 792 1302 854 quo-

556 883 629 928 rum
651 866 709 930 hac
723 867 762 930 de
785 883 820 929 re
842 868 932 945 leges
955 875 1064 931 extant
1084 871 1117 931 in
1139 869 1228 932 libris
1251 870 1303 932 de-

556 959 724 1023 cretalium
747 961 793 1022 tit.
813 961 860 1023 lle
881 959 1090 1026 celebratione
1111 961 1302 1028 Missurum:

555 1053 733 1116 iunocentii
761 1055 891 1133 quidem
916 1042 951 1118 in
984 1072 1050 1134 cap.
1088 1055 1303 1128 Consulaisti;

556 1145 688 1210 Honorii
710 1163 789 1211 rere
811 1149 844 1210 in
866 1165 933 1228 cap.
951 1149 989 1212 l'e
1009 1149 1176 1230 reserante.
1199 1149 1303 1224 Quum

556 1247 663 1303 autem
699 1241 905 1306 Innocentius
936 1243 969 1304 in
1001 1243 1095 1306 citato
1127 1259 1192 1321 cap.
1227 1243 1304 1306 baec

555 1335 653 1396 verba
676 1337 851 1414 posuisset:
883 1335 1021 1416 Hacepto
1043 1337 1093 1400 die
1114 1337 1305 1400 Natiuitatis

555 1426 757 1500 Dementiae,
781 1428 846 1492 nisi
876 1445 976 1492 caiasa
1007 1429 1202 1493 necessitatis
1231 1445 1305 1494 saa·

555 1520 647 1594 33333
669 1538 734 1584 non
755 1522 861 1584 solum
884 1522 987 1599 glossa
1010 1524 1175 1596 canonica,
1199 1524 1304 1587 eidem

555 1631 621 1694 cap.
639 1616 790 1694 apposita,
807 1617 991 1678 Huiusmodi
1014 1618 1212 1680 necessitatis
1234 1635 1304 1680 cau·

555 1723 622 1770 sam
645 1716 720 1772 tuuc
742 1709 811 1772 lora
833 1710 919 1782 dicit,
937 1726 1037 1788 quum
1060 1711 1249 1775 celebranda
1265 1715 1305 1777 sit

555 1802 651 1864 missa
683 1818 740 1883 pro
770 1804 877 1881 aliquo
909 1820 1022 1868 recens
1052 1806 1213 1878 defuncto.
1237 1807 1301 1871 ibi:

554 1895 607 1958 sed
628 1911 722 1974 qaam
744 1896 823 1960 dicit
843 1899 1083 1962 necessitatene
1106 1900 1303 1982 Hespoadeo:

554 1991 582 2052 si
603 1989 774 2054 celebrauit
794 1991 830 2054 de
851 1992 918 2062 die,
943 1999 972 2054 et
990 2000 1100 2074 postea
1122 1997 1218 2058 eliam
1241 2013 1304 2058 mo·

554 2083 666 2145 riatur
687 2084 821 2164 aliquis:
850 2101 966 2148 verum
996 2089 1089 2150 etiam
1119 2090 1151 2150 in
1175 2087 1304 2167 Synodo

554 2175 728 2240 oxoniensi
750 2185 821 2256 post
842 2179 941 2258 ipsius
964 2181 1140 2245 innocentii
1163 2182 1301 2255 obitum,

553 2272 686 2334 sedente
708 2272 775 2334 iam·
793 2272 934 2336 Honorio
960 2273 1029 2348 lll.,
1053 2276 1228 2348 celebrata,
1252 2276 1304 2338 de-

555 2373 680 2428 cretum
705 2366 870 2440 videmus,
895 2375 948 2442 ut,
976 2369 1001 2430 si
1025 2369 1166 2432 deiuncti
1189 2385 1304 2448 corpus

555 2459 784 2523 ecclesiasticae
806 2461 991 2540 sepulturae
1010 2463 1223 2525 mandandum
1240 2463 1304 2525 eui-

553 2559 624 2626 stat,
647 2554 795 2616 sacerdos
817 2555 894 2617 duas
916 2557 1025 2616 missas
1046 2556 1160 2618 eodem
1183 2557 1234 2618 die
1255 2573 1305 2619 oe-

554 2645 676 2719 lebret,
699 2663 796 2709 uuam
826 2649 864 2710 de
893 2648 996 2710 oliioio
1018 2649 1098 2720 diei,
1126 2649 1217 2712 aliam
1247 2666 1305 2729 pro

554 2739 728 2811 defunctis,
763 2747 799 2802 ut
830 2741 941 2804 videre
973 2748 1022 2804 est
1053 2743 1087 2804 in
1116 2742 1304 2806 collectione

554 2832 772 2896 Conciliorum
794 2833 940 2912 angliae,
957 2836 1093 2899 Londiui
1116 2839 1198 2900 edita
1221 2855 1304 2902 anno

554 2944 767 2990 mcccxxxvn.
789 2927 894 3008 (Tem.
918 2929 954 3003 l.,
979 2947 1049 3009 pag.
1065 2930 1135 3004 1386,
1157 2949 1245 2994 num.
1260 2932 1302 3012 7).

555 3022 653 3099 ldque
675 3022 770 3084 etiam
800 3023 979 3087 distinctius
1002 3025 1034 3086 in
1056 3025 1125 3087 aliis
1154 3025 1303 3089 conciliis

555 3116 707 3179 traditum
722 3116 900 3190 invenitur,
914 3119 1057 3196 aquibus
1072 3120 1303 3198 praescriptum

556 3215 614 3282 est,
636 3215 673 3271 ut
694 3210 841 3273 sacerdos
863 3211 896 3272 iu
918 3211 1020 3290 prima
1042 3212 1137 3275 missa
1160 3213 1304 3291 purinca-

556 3301 677 3364 tiouem
698 3319 765 3365 non
786 3309 902 3377 sumat,
918 3311 1020 3383 utque
1042 3313 1117 3369 tunc
1135 3307 1241 3369 solum
1256 3323 1304 3368 se·

555 3396 657 3458 cunda
679 3395 774 3458 missa
796 3413 853 3476 pro
879 3398 1038 3461 defunctis
1061 3400 1098 3461 ab
1121 3401 1234 3462 eodem
1258 3417 1304 3462 sa·

555 3491 685 3554 cerdote
698 3491 892 3566 celebretur,
903 3494 1030 3570 quando
1042 3494 1203 3557 cadaveris
1216 3511 1303 3573 prae-

553 3586 654 3648 sentia
676 3593 821 3648 occurrat
842 3587 894 3648 die
915 3587 1075 3650 dominico
1095 3603 1152 3649 seu
1173 3588 1233 3650 alio
1252 3589 1303 3652 die

556 3677 725 3752 testones
746 3679 826 3742 alius
848 3679 929 3743 adsit
948 3682 1107 3754 sacerdos,
1124 3681 1178 3758 qui
1195 3682 1303 3744 liuius·

555 3771 642 3833 modi
663 3773 834 3836 secundam
859 3775 988 3836 missam
1011 3775 1174 3837 celebrare
1191 3776 1300 3855 possit,

555 3865 827 3941 quemadmodum
850 3867 986 3930 habetur
1015 3869 1048 3930 iu
1070 3870 1303 3932 constitutioni·

555 3956 614 4018 bus
637 3955 871 4030 Sodorensibus
893 3977 977 4022 anuo
999 3978 1130 4025 uccxcr.
1154 3963 1300 4036 conditis,

555 4068 621 4131 cap.
651 4052 700 4125 ed,
724 4053 757 4116 in
780 4055 890 4118 eadem
912 4055 1085 4133 buglieana
1114 4056 1303 4118 collectione

553 4145 658 4229 (Tam.
683 4147 733 4220 ll.,
757 4165 827 4226 pag.
853 4147 941 4229 179);
964 4149 1141 4228 itidemque
1164 4152 1196 4213 in
1223 4151 1304 4215 Con·

554 4241 628 4304 cilio
649 4242 877 4319 Hotomagensi
899 4244 1005 4305 babilo
1027 4261 1110 4307 anno
1132 4261 1302 4322 accursu,

555 4351 587 4396 n.
606 4335 643 4398 11
665 4335 697 4396 in
719 4335 908 4399 collectione
929 4337 1083 4401 Harduini
1104 4338 1208 4419 (Tam.
1223 4340 1301 4414 vll,

554 4445 625 4510 pag.
655 4429 711 4492 187
741 4437 773 4492 33
794 4429 910 4510 seqq).
940 4431 1005 4505 Qua
1033 4433 1072 4496 de
1101 4449 1137 4496 re
1164 4436 1302 4514 nosipsi

555 4522 632 4586 olim
655 4523 781 4600 egimus
811 4523 844 4586 in
873 4531 980 4586 nostra
1007 4525 1216 4590 institutione
1245 4528 1302 4590 aa·

555 4615 734 4680 clesiastica
755 4616 894 4680 XXXVl.
919 4634 989 4696 pag.
1006 4617 1073 4680 186.
1097 4619 1209 4698 Neque
1224 4637 1302 4683 vero

556 4711 632 4774 baec
653 4711 686 4774 in
708 4711 869 4791 praesenti
891 4729 907 4773 3
929 4713 1020 4774 nobis
1048 4729 1303 4777 commemoran-

555 4813 619 4880 tur,
633 4805 723 4884 quasi
735 4805 939 4878 nuncetiam,
957 4813 1125 4886 praesente
1137 4808 1300 4881 cadavere,

555 4901 642 4962 duae.
652 4899 766 4963 missae
781 4900 819 4961 ab
834 4899 949 4962 eodem
965 4901 1130 4963 sacerdote
1147 4901 1304 4965 celebrari

556 4993 688 5072 possint,
712 5009 812 5070 quum
835 4994 923 5056 iuxta
951 4994 1138 5073 hodiernam
1167 4995 1303 5075 discipli-

555 5103 629 5150 nam
655 5087 747 5150 liceat
773 5087 978 5166 presbytero,
1002 5089 1112 5150 relicta
1141 5090 1236 5152 missa
1264 5091 1303 5154 dc

556 5180 618 5254 die,
642 5179 770 5242 missam
792 5197 850 5259 pro
872 5180 1034 5253 deiuncto,
1049 5183 1075 5244 si
1098 5199 1248 5261 praeseus
1263 5185 1304 5246 sit

555 5289 686 5352 corpus,
710 5290 784 5336 eum
812 5281 905 5336 cantu
932 5275 1112 5349 celebrare,
1137 5277 1197 5338 nisi
1221 5285 1303 5340 tanta

555 5365 654 5428 luerit
675 5367 737 5430 diei
759 5367 964 5440 solemnitas
989 5383 1070 5445 quae
1092 5371 1221 5432 missam
1245 5387 1303 5448 pro

556 5459 715 5522 delunotis
747 5461 933 5524 omnimode
965 5462 1128 5524 excludat:
1153 5465 1208 5526 sed
1231 5465 1303 5527 ideo

555 5553 633 5615 haec
654 5553 735 5616 dicta
756 5561 845 5626 sunt,
869 5563 906 5617 ut
926 5563 1090 5634 appareat,
1115 5572 1209 5634 quam
1231 5573 1303 5636 pro-

556 5663 653 5726 pensa
684 5646 783 5710 luerit
808 5647 946 5710 Ecclesia
978 5650 1014 5712 ad
1054 5650 1301 5728 permittendam

555 5740 727 5802 missarum
750 5740 965 5814 iterationem,
982 5744 1189 5819 quantumvis
1205 5757 1303 5820 gene·

555 5832 666 5896 raliter
687 5834 901 5904 interdictam,
918 5835 972 5897 ubi
988 5837 1027 5898 de
1044 5836 1251 5914 procurandis
1268 5838 1303 5898 fi-

555 5925 677 5989 delium
698 5926 925 5991 detunctorum
951 5929 1111 6006 suffragiis
1137 5937 1301 6005 ageretur.

1076 565 1142 611 lau.
1165 566 1257 612 PONT.
1282 567 1321 611 ult
1343 567 1373 612 P.
1397 567 1427 612 tt.
1451 567 1535 612 PARS
1556 567 1578 612 1.

1356 681 1423 758 Quo
1436 700 1553 763 nempe
1565 683 1678 763 spiritu
1691 702 1747 747 nos
1763 686 1858 748 etiam
1877 686 2014 758 adducti,
2032 687 2107 748 mis-

1357 794 1464 841 sarum
1486 779 1637 840 sacrificia
1659 779 1691 840 in
1720 779 1770 840 die
1792 780 2107 842 commemorationis

1359 873 1502 935 omnium
1526 872 1670 934 ildelium
1693 867 1950 936 detunctoruma
1970 873 2106 950 singulis

1354 966 1593 1052 praedictorum
1617 981 1794 1043 regnorum
1822 973 1915 1044 atque
1948 967 2105 1029 ditionum

1358 1060 1574 1122 sacerdotibus
1598 1067 1647 1122 ter
1676 1059 1830 1122 celebrari
1862 1077 1955 1138 posse
1981 1078 2107 1124 conces-

1359 1152 1470 1215 simus.

1399 1265 1417 1306 3
1433 1247 1493 1310 Sed
1518 1248 1597 1310 duae
1619 1248 1697 1310 aliae
1720 1255 1883 1326 praeterea
1898 1264 2020 1321 causae,
2038 1265 2106 1310 eae-

1360 1355 1422 1418 que
1443 1341 1517 1402 satis
1539 1356 1664 1418 graves,
1681 1342 1719 1404 ad
1737 1342 1768 1404 id
1792 1342 2033 1404 concedendam
2049 1359 2106 1404 nos

1359 1433 1571 1512 impulerunt.
1589 1435 1692 1497 Prima
1709 1441 1758 1497 est
1772 1437 1856 1513 quod
1870 1453 1942 1498 cum
1955 1437 2107 1514 antiquis-

1360 1527 1438 1590 sima
1460 1527 1501 1590 sit
1522 1529 1555 1590 in
1576 1545 1678 1606 regno
1701 1528 1879 1606 aragoniae
1895 1530 2105 1602 cousuetudo,

1361 1627 1396 1683 ut
1416 1621 1575 1698 praedicta
1597 1623 1648 1684 die
1672 1629 1736 1685 tres
1767 1624 1881 1684 missae
1902 1639 1918 1683 3
1939 1621 2107 1684 sacerdoti-

1362 1715 1419 1777 bus
1441 1715 1661 1792 regularibus,
1686 1716 1832 1794 duaeque
1855 1735 1870 1778 a
1892 1715 2107 1778 saecularibus

1360 1808 1583 1882 celebrentur;
1609 1823 1709 1886 eaque
1731 1826 1795 1870 uon
1818 1809 1914 1871 moda
1941 1825 2105 1886 uunquam

1360 1901 1526 1979 reprobata
1552 1901 1667 1974 luerit,
1691 1903 1747 1964 sed
1769 1902 1865 1966 etiam
1887 1919 1903 1964 3
1924 1902 2107 1981 praedeces-

1358 2010 1431 2056 sore
1454 1999 1565 2058 nostro
1580 1995 1660 2058 lulio
1675 1995 1724 2057 lll.
1755 2002 1809 2058 aut
1823 1995 1920 2057 Paulo
1935 1995 1997 2067 lll.,
2014 1995 2106 2057 vivae

1361 2089 1446 2150 vocis
1462 2087 1590 2151 oraculo
1605 2090 1791 2152 conlirmata
1807 2096 1966 2151 asseratur
1980 2087 2030 2169 (ut
2045 2089 2106 2150 iam

1360 2183 1436 2244 clim
1460 2184 1681 2245 adnotavimus
1704 2183 1735 2245 in
1759 2183 1836 2246 lolio
1852 2199 1910 2261 pro
1925 2182 2107 2260 Congrege-

1362 2277 1447 2338 tione
1467 2275 1602 2339 Consilii
1623 2295 1640 2338 3
1662 2277 1764 2350 nobis,
1782 2283 1817 2340 ut
1838 2293 1933 2355 supra
1955 2277 2105 2348 diximus,

1361 2369 1513 2449 exarato),
1538 2377 1649 2449 utpote
1678 2386 1759 2448 quae
1780 2387 1839 2432 uec
1860 2371 1969 2432 divino
1992 2386 2032 2432 ne
2054 2386 2105 2432 na-

1362 2463 1454 2526 turali
1483 2464 1546 2526 iuri
1574 2464 1750 2536 contraria,
1781 2464 1835 2526 sed
1865 2463 1969 2525 solum
1992 2481 2008 2524 3
2036 2463 2107 2526 iure

1360 2558 1525 2620 communi
1546 2557 1760 2619 ecclesiastico
1774 2556 1871 2619 vetita
1887 2556 2105 2633 dignoscatur;

1360 2665 1498 2728 cumque
1521 2658 1655 2724 constet,
1673 2652 1818 2714 eamdem
1840 2648 2107 2713 consuetudinem

1361 2759 1425 2806 uon
1450 2745 1555 2808 solum
1586 2746 1618 2809 iu
1640 2761 1742 2822 regno
1772 2744 1950 2822 aragoniae
1980 2743 2108 2822 proprie

1360 2839 1459 2912 dicto,
1483 2847 1577 2916 atque
1600 2841 1632 2902 in
1654 2840 1715 2902 3133
1746 2837 1926 2912 valentiae,
1951 2838 2036 2901 etin
2058 2855 2109 2900 ca-

1361 2933 1472 2996 mitatu
1491 2933 1682 3004 cataloniae,
1701 2935 1755 2996 sed
1773 2933 1914 2995 etiamin
1931 2932 2107 3009 33333113-

1359 3028 1475 3091 loricae
1503 3027 1632 3104 lougius
1660 3029 1789 3100 dissito,
1821 3035 1981 3105 tamquam
2009 3028 2108 3106 ipsius

1360 3120 1537 3197 Xregoniae
1568 3121 1662 3197 regni
1694 3119 1878 3198 appendice,
1901 3119 2045 3197 viguisse
2077 3127 2110 3182 et

1359 3215 1487 3292 rigere:
1513 3213 1625 3292 utique
1648 3230 1706 3276 nec
1728 3226 1842 3275 novam
1870 3213 2002 3275 omuino
2024 3229 2106 3286 rem,

1359 3323 1417 3371 uec
1438 3308 1472 3369 in
1494 3307 1681 3387 exemplum
1696 3307 1771 3370 alibi
1787 3307 1974 3370 trahendam
1993 3323 2049 3370 uos
2064 3306 2108 3369 le·

1359 3400 1438 3464 cisse
1461 3417 1641 3472 censemus,
1665 3401 1742 3462 dum
1766 3400 1949 3462 Huiusmodi
1975 3417 2108 3462 consue-

1360 3495 1504 3557 tudinem
1539 3495 1608 3556 3333
1644 3495 1742 3557 ritum
1779 3495 1965 3557 auctoritate
2000 3503 2107 3556 nostra

1359 3590 1563 3652 extendimus
1586 3589 1621 3651 ad
1644 3587 1702 3650 alia
1724 3603 1824 3664 regua
1847 3595 1878 3650 et
1903 3588 2042 3650 dominia
2063 3589 2108 3650 ei-

1358 3687 1431 3748 dem
1455 3683 1676 3762 Hispaniarum
1699 3683 1770 3758 regi
1783 3681 1935 3753 subiecta,
1952 3689 2046 3759 atque
2061 3682 2107 3743 in-

1358 3795 1456 3857 super
1477 3777 1513 3840 ad
1537 3793 1583 3849 ea,
1598 3792 1678 3854 quae
1700 3775 1791 3837 alteri
1806 3775 1935 3852 quidem
1960 3775 2106 3854 principi,

1359 3873 1510 3934 nimirum
1535 3871 1716 3934 Lusitaniae
1731 3871 1812 3946 regi,
1831 3877 1954 3948 parent,
1971 3871 2025 3931 sed
2043 3887 2105 3932 ma-

1359 3982 1420 4043 gua
1449 3981 1488 4027 ex
1517 3973 1605 4044 parte
1635 3964 1769 4027 finitima
1798 3970 1830 4026 33
1858 3964 2004 4043 proxima
2032 3969 2109 4025 sunt

1359 4059 1526 4139 praedictis
1549 4058 1708 4137 Hispanici
1728 4059 1815 4134 regis
1838 4057 2022 4120 ditionibus.
2049 4057 2108 4119 He-

1360 4153 1433 4232 gula
1455 4153 1573 4231 quippe
1599 4152 1747 4214 canonica
1769 4140 1834 4218 est,
1857 4158 1893 4212 ut
1914 4152 1947 4212 in
1968 4150 2107 4228 regioni·

1360 4249 1418 4311 bus
1439 4247 1648 4311 conterminis
1670 4253 1764 4323 atque
1789 4245 1873 4308 inter
1895 4261 1930 4308 se
1952 4245 2108 4325 proximis

1358 4345 1481 4405 rituum
1494 4359 1527 4402 ac
1539 4340 1723 4419 disciplinae
1736 4339 1937 4402 uniformitas
1949 4345 2108 4401 statuatur

2082 539 2085 544 ’
2145 549 2336 608 13131718

1358 4441 1453 4512 atque
1474 4441 1634 4495 servetur.
1658 4432 1749 4495 Unde
1772 4431 1865 4494 etiam
1882 4432 2108 4510 praedecessor
2179 4479 2181 4482 .

1358 4536 1479 4600 noster,
1493 4525 1626 4589 Sanctus
1639 4525 1769 4588 siricius
1780 4525 1926 4588 Pontilex
1939 4525 2105 4596 Maximus,

1358 4637 1460 4698 quum
1480 4621 1516 4683 ad
1540 4620 1718 4682 Himerium
1741 4619 1933 4697 Episcopum
1961 4618 2108 4680 Tarraco-

1358 4731 1493 4778 nensem
1514 4715 1690 4794 scripsisset
1713 4715 1750 4776 de
1767 4714 1862 4774 variis
1878 4714 2107 4777 ecclesiasticae

1358 4809 1543 4886 disciplinae
1564 4809 1729 4886 capitibus
1754 4809 1793 4869 de
1815 4807 1931 4884 quibus
1953 4807 2009 4870 ille
2032 4806 2107 4870 San-

1358 4909 1445 4965 ctum
1468 4903 1647 4973 Damasum,
1673 4902 1771 4979 ipsius
1793 4901 2009 4974 decessorem,
2033 4918 2107 4964 con·

1358 4997 1512 5067 soluerat,
1537 4996 1642 5058 eidem
1671 4993 1848 5066 mandarit,
1873 5001 1908 5056 ut
1936 4985 2113 5073 apostolica*

1358 5089 1511 5169 rescripta
1534 5105 1598 5150 non
1630 5088 1734 5150 solum
1758 5105 1830 5150 cum
1860 5089 2107 5166 provincialibus

1358 5183 1422 5244 suis
1450 5182 1717 5250 communicaret,
1749 5182 1804 5244 sed
1827 5198 1862 5243 ea
1889 5181 1983 5244 etiam
2007 5189 2108 5244 trans-

1358 5277 1502 5339 mitteret
1524 5276 1565 5350 ad
1590 5274 1869 5354 Carthaginienses
1891 5291 1929 5338 ac
1952 5275 2104 5348 Baeticos,

1359 5370 1530 5433 Lusitanos
1552 5374 1645 5447 atqae
1669 5367 1841 5432 Gallaecos.

1398 5463 1573 5526 «Alteram
1596 5478 1674 5524 vero
1696 5478 1833 5534 causam,
1851 5478 1987 5540 eamque
2007 5465 2105 5542 pluri-

1359 5559 1401 5618 mi
1424 5557 1505 5637 apud
1528 5573 1586 5619 nas
1616 5556 1791 5628 momenti,
1815 5572 1888 5618 cum
1918 5573 2035 5634 magno
2057 5573 2107 5636 pa-

1358 5653 1442 5713 terni
1464 5650 1561 5712 animi
1584 5650 1685 5712 nostri
1716 5651 1847 5726 gaudio,
1881 5651 1971 5712 nobis
1993 5667 2107 5730 suppa·
2209 5691 2211 5696 ·

1359 5743 1469 5804 ditavit
1490 5743 1622 5806 enixum
1649 5741 1792 5804 studium
1821 5743 1960 5808 duorum
1990 5744 2107 5806 3333333-

1357 5838 1514 5898 simorum
1537 5838 1568 5898 in
1591 5835 1719 5898 Gliristo
1742 5835 1883 5898 filiorum
1906 5843 2104 5910 nostrorum,

1357 5929 1523 6009 Hispaniae
1545 5936 1578 5991 et
1599 5929 1778 5992 Lusitaniae
1800 5943 1932 6006 regum,
1957 5932 2051 6010 tantis
2073 5932 2105 5994 lu
