4814 6992
330 609 508 670 And-1669
566 607 605 670 os
1069 621 1135 668 ron.
1159 621 1251 703 rona.
1275 622 1316 667 nn
1338 621 1369 667 a.
1393 619 1423 665 r.
1447 619 1531 665 rens
1553 620 1575 666 r.

547 756 605 819 per
625 739 759 804 servitio
780 740 812 802 di
835 756 916 812 esso,
940 739 1063 818 purcbe
1085 755 1150 802 non
1173 739 1300 817 passino
1705 736 1757 799 lli.

546 833 635 896 botta
656 833 827 912 cinquanta
848 834 972 906 l'anno,
996 849 1074 895 anco
1102 840 1221 910 quanto
1243 832 1300 896 alli

547 933 676 1004 quattro
698 942 756 1005 per
777 934 883 1000 cento,
907 925 1013 990 etalii
1028 932 1157 1004 quattro
1173 925 1300 1004 giuliia
1409 925 1517 1006 Eripit
1541 923 1824 1004 Cooqrcqctiooom
1850 923 2060 1002 indulgentiis

547 1020 636 1084 botta
658 1021 692 1084 in
712 1020 903 1084 conformitl
926 1019 1009 1083 della
1030 1019 1115 1082 bolla
1137 1019 1220 1082 della
1242 1019 1297 1083 iel.
1448 1025 1479 1081 et
1499 1019 1601 1082 sceris
1622 1017 1767 1096 reliquiis
1787 1017 2016 1097 praepositam.

548 1129 647 1176 mem.
678 1113 845 1176 d'Urbano
872 1112 949 1176 Vlll.
979 1114 1159 1193 parimente
1189 1120 1300 1176 nostro
1558 1141 1561 1147 ·

548 1208 778 1287 predecessore
801 1209 870 1270 data
892 1214 977 1270 sotto
999 1207 1020 1269 il
1044 1206 1075 1270 di
1100 1207 1205 1286 primo
1227 1223 1301 1285 agc-
1562 1188 1750 1258 Glfflffls
1774 1189 1834 1256 ΡΡ·
1857 1188 1903 1256 Ιχ·

548 1300 709 1374 sl01627,
740 1319 757 1364 θ
780 1301 890 1364 darete
918 1302 951 1364 ill
980 1303 1028 1364 cib
1058 1300 1217 1379 gl'Oldini
1246 1317 1302 1364 lle-
1478 1311 1515 1379 gd
1537 1317 1711 1396 perpetuam
1734 1313 1778 1379 pei
1806 1313 1987 1380 memoriam,

549 1395 689 1467 cessarii,
711 1395 856 1458 acciochc
874 1393 916 1472 gli
933 1411 974 1457 ne
989 1393 1078 1457 siano
1094 1393 1171 1457 lette
1186 1394 1217 1456 le
1231 1411 1302 1473 spe·

550 1489 664 1556 ditioni
679 1495 861 1570 opportune
877 1487 910 1550 in
926 1489 1128 1552 essecutione
1143 1488 1174 1551 di
1190 1495 1303 1566 questa
1399 1491 1433 1553 ln
1454 1489 1530 1569 ipsis
1556 1488 1758 1567 pontificatus
1783 1489 1886 1550 nostri
1912 1488 2109 1568 primordiis,
2148 1499 2332 1545 Prooemium·

549 1590 659 1646 nostra
680 1583 822 1655 volenti,
844 1581 1002 1646 aneorebe
1024 1581 1047 1644 il
1070 1590 1219 1661 presente
1238 1581 1303 1644 cbi·
1358 1600 1431 1648 cum
1444 1583 1560 1646 multas
1576 1582 1812 1646 venerabilium
1827 1581 1965 1644 fratrum
1984 1591 2111 1647 nostro·

550 1675 679 1754 regraio
702 1693 766 1739 non
789 1676 815 1738 si
840 1675 995 1754 presenti,
1027 1678 1067 1738 ne
1095 1675 1123 1736 si
1151 1681 1303 1738 ammetta
1359 1693 1432 1740 rum
1456 1676 1587 1740 Sanctae
1608 1675 1769 1738 Romanae
1788 1674 1948 1738 Ecclesiae
1962 1675 2111 1740 cardina·

550 1771 583 1832 in
612 1785 737 1833 camera
759 1786 777 1832 e
806 1785 846 1832 ne
868 1770 939 1832 suoi
968 1769 1054 1842 libri,
1084 1785 1149 1831 non
1179 1774 1303 1832 estante
1342 1771 1438 1834 ‘lium
1455 1770 1732 1848 congregationes
1753 1771 1791 1832 ad
1813 1777 1979 1832 certarum
1997 1785 2113 1834 rerum

551 1863 685 1926 labella
718 1864 749 1926 di
778 1863 833 1926 Pio
856 1863 906 1926 llt'.
936 1873 1046 1926 nostro
1075 1865 1303 1942 predecessore
1360 1873 1392 1928 et
1413 1863 1620 1942 negotiorum
1641 1863 1674 1924 in
1697 1863 1931 1942 amplissimum
1952 1863 2113 1928 Romanae

551 1959 590 2020 de
612 1958 799 2035 registran,
821 1957 885 2020 ele
899 1959 1028 2020 sudette
1043 1957 1223 2020 revocatori
1238 1956 1305 2018 del·
1359 1959 1466 2021 curiae
1489 1955 1618 2020 alveum
1640 1973 1680 2018 ex
1703 1956 1853 2018 omnibus
1875 1957 1988 2020 mundi
2016 1959 2112 2036 parti-

552 2051 739 2112 l'esentioni
755 2058 878 2123 nostre,
892 2067 909 2114 e
925 2051 1085 2113 de’nostri
1096 2050 1302 2122 antecessori,
1360 2051 1419 2114 bus
1435 2051 1560 2114 assidue
1575 2049 1808 2112 confluentium
1832 2052 2053 2113 tractationem
2069 2059 2113 2114 at·

552 2161 569 2206 e
598 2145 811 2234 qualsivoglia
838 2146 917 2208 ultra
942 2163 1013 2209 cosa
1039 2146 1098 2209 che
1123 2146 1242 2209 facesse
1272 2147 1304 2208 in
1360 2160 1424 2222 que
1446 2143 1750 2206 determinationem
1766 2161 1781 2204 a
1797 2143 1898 2206 lelicis
1920 2145 2112 2208 recordatio·

552 2238 724 2310 contrario,
748 2238 809 2301 alle
831 2239 917 2316 quali
935 2246 1018 2302 tutte
1033 2239 1181 2303 havendo
1197 2239 1219 2302 il
1235 2239 1305 2303 loro
1361 2239 1410 2300 nis
1425 2237 1575 2300 Romanis
1591 2237 1797 2300 Pontificibus
1812 2238 2113 2316 praedecessoribus

547 2337 667 2393 tenore
690 2331 746 2408 qui
767 2347 826 2410 per
848 2349 996 2412 espresso
1018 2333 1233 2396 asnidcienza
1249 2349 1306 2412 per
1361 2333 1480 2394 nostris
1502 2331 1539 2393 ad
1561 2329 1722 2393 Ecclesiae
1743 2329 1916 2393 catholicae
1934 2349 1969 2394 ac
1984 2331 2113 2395 ditionis

552 2431 664 2500 questa
686 2425 773 2486 volta
799 2424 866 2486 sola
895 2423 1117 2503 derogbiamo.
1145 2427 1222 2490 Dato
1251 2427 1305 2489 nel
1363 2425 1548 2504 temporalis
1570 2425 1715 2486 eiusdem
1732 2415 1864 2507 Sanctae
1881 2425 2042 2488 Romanae
2057 2425 2114 2488 Ec-

553 2524 665 2580 nostro
681 2518 810 2596 palazzo
824 2519 999 2597 apostolico
1014 2520 1045 2583 di
1058 2521 1165 2582 llonte
1177 2519 1306 2583 cavallo
1361 2519 1477 2582 clasiae
1489 2518 1661 2580 utilitatem
1679 2519 1829 2596 prudenti
1841 2518 2027 2597 salubrique
2040 2535 2114 2582 con·

553 2617 668 2688 questo
691 2609 722 2673 di
745 2610 783 2672 19
804 2612 976 2675 decembre
999 2611 1086 2675 1668.
1362 2611 1434 2674 silio
1456 2612 1618 2674 institutas
1632 2613 1877 2690 reperissemus,
1894 2627 1976 2690 quae
1991 2613 2114 2675 inomn*

1363 2705 1494 2766 bentem
1517 2703 1609 2766 nobis
1631 2703 1798 2781 ingentem
1821 2720 1972 2766 curarum
1992 2705 2114 2768 molem

715 2797 904 2864 cluderis
926 2790 1027 2863 Plrl
1049 2801 1101 2866 lx.
1115 2821 1149 2864 »ι
1363 2813 1422 2876 pro
1443 2814 1500 2860 sua
1521 2811 1668 2875 quaeque
1689 2803 1779 2876 parte
1800 2797 2026 2874 sublevarent,
2043 2799 2114 2862 nul·

1363 2891 2112 2970 lamtamenadhucerectamvideremus,quae

595 2987 721 3051 Tenere
757 2989 975 3066 praesentium
1012 2989 1244 3052 committimus
1276 2999 1309 3053 et
1363 2985 1443 3048 sacri
1457 2984 1735 3062 indulgentiarum
1747 2985 1890 3046 thesauri
1901 3001 1996 3048 curae
2008 2993 2040 3048 et
2051 2985 2112 3048 dis-

555 3082 743 3144 mandamus
1363 3079 1554 3158 pensationi,
1578 3093 1807 3156 sacrarumque
1829 3079 2040 3154 reliquiarum
2063 3095 2114 3140 re-

595 3173 643 3236 lll.
668 3174 730 3236 bb.
761 3175 902 3236 Zenobio
932 3183 964 3237 et
985 3173 1112 3238 Caesari
1138 3177 1178 3238 de
1206 3177 1308 3240 Baldi-
1364 3173 1558 3251 cognitioni,
1589 3171 1805 3249 disquisitioni
1834 3171 2039 3250 peculiariter
2068 3173 2115 3234 in·

555 3268 654 3331 nottis
679 3266 791 3330 bimae
816 3267 910 3330 Urbis
939 3267 1122 3332 dolianeriis
1151 3269 1308 3346 generali·
1364 3267 1550 3329 cumberet:
2023 3297 2025 3304 ·

555 3361 628 3432 bus,
656 3367 689 3423 et
714 3361 892 3423 earundem
920 3361 1120 3425 dobanarum
1149 3363 1308 3440 guberna·
1403 3361 1422 3438 5
1446 3361 1473 3422 l.
1495 3359 1569 3433 Nos,
1587 3359 1739 3424 eumdem
1758 3359 2026 3423 inaestimabilem
2047 3360 2115 3422 the-

555 3453 679 3518 toribus
701 3461 734 3516 et
754 3455 921 3528 ministris,
945 3457 1146 3536 caeterisque
1166 3457 1247 3533 aliis,
1270 3459 1307 3522 ad
1364 3471 1496 3517 saurum
1523 3454 1610 3517 fideli
1639 3453 1876 3533 dispensatione
1905 3468 2052 3532 erogare,
2084 3461 2116 3517 et

556 3563 638 3627 quos
659 3553 790 3627 spectat,
814 3556 875 3611 etc.
902 3555 1061 3628 quatenus
1083 3552 1144 3614 sub
1170 3553 1309 3616 mandati
1366 3549 1483 3621 omnia,
1507 3563 1589 3626 quae
1616 3564 1719 3611 sacras
1747 3547 1900 3625 reliquias
1931 3548 2116 3611 huiusmodi

556 3643 695 3721 rigorosi
717 3641 852 3721 aliisquo
874 3644 998 3722 poenis,
1022 3644 1161 3710 debeant
1188 3647 1221 3709 in
1250 3664 1308 3711 nu·
1365 3643 1569 3720 contingunt,
1592 3650 1681 3705 recte
1702 3649 1799 3718 atque
1814 3642 1928 3704 ordine
1943 3641 2116 3721 disponere

556 3751 649 3800 mero
671 3741 809 3813 quatuor
831 3736 971 3799 millium
993 3745 1125 3802 centum
1153 3741 1310 3818 quinqua·
1366 3737 1547 3816 cupientes,
1572 3735 1746 3799 nonnullos
1772 3751 1812 3797 ex
1835 3736 2023 3798 memoratis
2043 3735 2117 3798 Car-

558 3831 645 3908 ginta
666 3829 828 3893 doliorum
850 3830 918 3892 vini
939 3830 1044 3910 ripali‚'
1064 3847 1139 3895 ven.
1163 3833 1309 3913 collegio
1366 3831 1546 3902 dinalibus,
1577 3847 1612 3892 ac
1642 3829 1766 3907 aliquos
1798 3829 1905 3892 curiae
1936 3830 2117 3908 praedictae

557 3923 686 3987 Urbano
708 3924 748 3987 de
769 3924 974 4003 Propaganda
996 3925 1073 3988 Fide
1095 3925 1230 4006 eiusque
1251 3929 1310 3990 mi·
1366 3925 1535 4006 praelatos,
1565 3923 1710 4002 aliosque
1735 3923 1823 3984 viros
1851 3923 2022 4001 religione,
2052 3923 2118 4002 pie·

557 4019 679 4091 nistris,
696 4024 796 4082 totam
810 4018 899 4082 illam
921 4020 1131 4096 quantitatem
1147 4021 1310 4085 doliorum
1368 4027 1442 4092 tate,
1465 4018 1608 4082 doctrina
1630 4025 1663 4080 et
1683 4033 1796 4080 rerum
1818 4033 1879 4078 usu
1896 4017 2015 4080 eximie
2029 4033 2118 4097 prae·

558 4112 634 4174 dicti
654 4112 734 4184 vini,
758 4113 844 4190 quod
866 4113 1013 4190 quolibet
1040 4129 1123 4176 anno
1153 4130 1211 4194 pro
1240 4115 1310 4179 eius
1367 4113 1450 4176 ditos
1472 4112 1659 4189 selegimus,
1683 4127 1824 4189 quorum
1850 4110 1996 4185 oonsilio,
2021 4127 2117 4190 opera

556 4205 690 4268 servitio
713 4221 793 4285 opus
822 4207 895 4280 erit,
923 4207 1100 4270 dummodo
1127 4225 1192 4270 non
1220 4225 1311 4272 exce·
1367 4214 1400 4270 et
1420 4206 1578 4269 industria
1599 4213 1663 4267 tam
1686 4219 1819 4282 gravem
1842 4205 1988 4267 muneris
2015 4207 2118 4268 nostri

559 4301 634 4363 dant
649 4300 732 4380 dolia
747 4300 990 4379 quinquaginta,
1004 4301 1089 4364 dicto
1101 4302 1247 4380 quolibet
1258 4321 1311 4366 an·
1368 4309 1491 4381 partem
1514 4301 1550 4363 ad
1574 4299 1804 4378 omnipotentis
1820 4298 1876 4360 Dei
1896 4297 2044 4376 gloriam,
2061 4299 2117 4362 Ec·

559 4411 601 4457 no
613 4391 794 4458 liberamet
809 4395 1158 4460 irancamasolutione
1170 4398 1311 4460 cuiusvis
1368 4395 1482 4458 etesiae
1512 4394 1670 4456 bonorem
1699 4409 1734 4454 ac
1761 4391 1962 4470 spiritualem
1991 4393 2118 4455 christi-

559 4488 713 4562 dobanae,
737 4488 833 4550 etiam
856 4489 960 4570 quoad
989 4496 1128 4567 quatuor
1156 4506 1213 4569 pro
1239 4508 1312 4555 cen·
1368 4489 1513 4552 fidelium
1543 4486 1796 4549 aedificationem
1829 4484 1952 4548 iacilius
1980 4485 2118 4564 implere

559 4582 694 4654 tenedo,
711 4598 746 4644 ac
761 4582 856 4644 etiam
873 4583 976 4659 quoad
991 4583 1088 4646 iulios
1103 4592 1242 4662 quatuor
1253 4602 1312 4665 pro
1367 4583 1562 4646 valeremus.
1584 4581 1622 4642 lli
1637 4596 1716 4643 vero
1730 4579 1879 4652 subinde,
1897 4585 1993 4658 prout
2007 4594 2119 4641 rerum

559 4675 705 4754 quolibet
726 4675 812 4738 dolio
833 4676 867 4738 in
890 4676 1052 4751 omnibus,
1076 4685 1108 4740 et
1129 4681 1310 4758 peremnia
1368 4685 1400 4740 et
1421 4677 1629 4754 negotiorum
1652 4681 1815 4738 momenta
1837 4673 2051 4752 postulabant,
2072 4672 2119 4734 in·

559 4770 647 4832 iuxta
672 4769 822 4842 iormam,
844 4777 995 4832 tenorem
1017 4779 1050 4833 et
1080 4773 1310 4836 continentiam
1367 4771 1465 4834 simul
1480 4770 1723 4841 convenientes,
1739 4767 1944 4830 commissam
1958 4765 2020 4829 sibi
2035 4781 2119 4828 ano-

559 4863 751 4942 praeinserti
779 4863 987 4943 chirographi
1014 4866 1151 4928 transire
1183 4865 1309 4940 iecisse,
1368 4865 1415 4928 bis
1437 4863 1634 4945 provinciam
1657 4868 1745 4924 recte
1767 4868 1800 4924 et
1821 4860 1997 4932 lructuose‚
2023 4865 2119 4936 atque

560 4956 743 5035 permisisse
765 4964 798 5019 et
818 4957 996 5031 mandasse,
1017 4975 1052 5022 ac
1074 4960 1234 5039 praesenti
1256 4977 1312 5024 no·
1369 4975 1409 5022 ex
1430 4958 1528 5020 animi
1549 4957 1650 5019 nostri
1672 4955 1831 5018 sententia
1846 4954 2001 5017 hactenus
2020 4951 2119 5016 admi·

559 5057 628 5113 stro
639 5051 789 5113 mandato
804 5057 865 5114 etc.
880 5051 913 5114 in
930 5053 1080 5116 omnibus
1093 5061 1125 5116 et
1136 5069 1194 5135 per
1206 5055 1313 5118 omnia
1369 5053 1557 5115 nistrarunt.
1580 5049 1781 5129 Quapropter
1806 5054 1971 5127 sperantes
1999 5047 2033 5107 in
2047 5045 2121 5107 llo·

561 5144 705 5224 paruisse
728 5151 761 5207 et
781 5145 971 5208 obedivisse.
989 5146 1142 5226 Alioquin
1161 5155 1222 5212 ete.
1239 5165 1313 5212 con·
1370 5147 1457 5209 mino
1480 5161 1545 5208 non
1568 5145 1675 5206 minus
1689 5142 1814 5205 utiliter
1828 5142 1861 5203 in
1876 5141 2024 5203 futurum
2039 5153 2119 5217 quo·

560 5237 667 5302 trariis
689 5246 749 5302 etc.
772 5237 853 5301 Nam
874 5239 908 5302 in
934 5241 1161 5304 executionem
1189 5243 1313 5321 praeiri·
1370 5255 1433 5320 que
1455 5239 1680 5303 desudaturam
1699 5251 1771 5299 esse
1786 5249 1900 5299 eorum
1915 5236 2119 5308 industriam,

560 5333 641 5396 serti
661 5332 879 5412 chirographi,
903 5333 943 5396 de
965 5347 1029 5412 quo
1051 5335 1084 5397 in
1105 5335 1181 5398 actis
1202 5343 1261 5399 etc.
1279 5353 1314 5399 ac
1370 5351 1405 5398 ac
1425 5333 1562 5396 salubris
1584 5331 1719 5404 consilii,
1742 5329 1828 5408 quod
1843 5335 1974 5392 auctore
1989 5330 2055 5393 Deo
2069 5345 2120 5392 sn·

561 5441 620 5506 pro
640 5426 729 5490 illius
754 5426 980 5491 observatione
1009 5435 1041 5491 et
1061 5427 1313 5509 adimplemento
1370 5423 1541 5507 scepimus,
1564 5424 1717 5498 fructum,
1742 5425 1857 5487 ecdem
1886 5421 2057 5487 adiuvante
2078 5428 2122 5485 at·

561 5521 604 5583 ita
625 5521 825 5584 mandamus.
1371 5538 1435 5601 que
1455 5522 1695 5584 incrementum
1718 5519 1824 5593 dante,
1846 5533 2025 5596 perennare
2040 5515 2122 5580 desi-

600 5613 715 5676 Datum
738 5613 868 5688 Romae,
896 5629 936 5677 ex
957 5615 1088 5679 aedibus
1118 5616 1235 5680 nostris
1256 5618 1315 5680 luae
1372 5617 1532 5688 derantes,

561 5708 614 5771 die
636 5723 658 5769 ι.
682 5705 836 5782 lebruarii
858 5723 1014 5773 nuceum.
1411 5709 1481 5788 52.
1506 5707 1593 5771 llotu
1614 5707 1757 5787 proprio,
1781 5723 1816 5770 ae
1838 5721 1877 5770 ex
1907 5711 1993 5768 certa
2021 5705 2123 5768 seien-
2143 5721 2369 5786 ,arceremque

1372 5803 1414 5866 tia
1435 5809 1469 5866 et
1483 5807 1607 5864 matura
1622 5800 1855 5865 deliberatione
1870 5799 2000 5872 nostris,
2018 5799 2123 5875 deque
2142 5787 2169 5821 ¹¹²
2186 5777 2302 5822 ΝΜ·

816 5911 1068 5922 *—
1372 5896 1562 5977 apostolieae
1591 5895 1755 5975 potestatis
1787 5892 2007 5973 plenitudine,
2042 5891 2124 5954 Gon·

1345 6071 1348 6081 ,
1376 5993 1598 6071 gregationem
1621 5988 1767 6052 eiusdem
1790 5987 1821 6052 S.
1852 5987 1886 6050 ll.
1908 5986 1945 6050 E.
1975 5985 2124 6049 Cardine-
